2610 4007
616 151 712 204 EX
747 151 828 205 IN
831 151 1081 206 CERTIS
1118 150 1598 206 INCERTORVM
1634 151 1939 206 FABVLIS
2160 151 2286 215 133

1233 319 1322 378 IV

256 420 434 487 Nam
485 419 643 505 quid
686 421 864 486 modi
909 421 1228 486 factumst
1272 421 1408 485 risu
1456 420 1779 505 denique?

259 528 413 594 Nisi
460 527 677 612 pictor
719 528 861 592 fieri
907 528 1079 613 uult,
1127 528 1240 613 qui
1284 527 1420 593 risu
1467 529 1807 592 mortuust.
2333 544 2400 593 10

408 667 612 722 Festus
663 685 717 737 p.
757 673 859 722 209
917 666 1122 737 ‘pictor
1176 666 1377 721 Zeuxis
1431 667 1548 721 risu
1599 668 1910 735 emortuus,
1964 666 2098 719 dum
2148 665 2299 721 ridet

266 737 444 793 effuse
480 738 696 808 pictam
733 755 768 792 a
806 754 865 792 se
912 755 1084 793 anum
1128 746 1323 809 γραῦν.
1400 754 1497 792 cur
1541 738 1647 792 hoc
1692 737 1817 791 loco
1865 736 2106 791 relatum
2154 735 2230 792 sit
2261 754 2298 791 a

264 809 493 880 Verrio,
543 827 670 864 cum
716 809 787 864 de
834 808 1157 879 significatu
1194 808 1493 863 uerborum
1530 808 1771 863 scribere
1808 807 2161 878 propositum
2196 808 2297 862 ha-

264 880 482 948 buerit,
531 880 792 949 equidem
836 897 950 935 non
995 879 1190 949 uideo,
1237 897 1365 934 cum
1410 879 1717 934 uersiculos
1765 895 1987 948 quoque
2025 895 2092 934 ea
2130 879 2200 934 de
2237 895 2298 933 re

264 951 557 1006 rettulerit
592 954 651 1006 et
684 951 907 1021 ineptos
947 950 1087 1005 satis
1119 953 1176 1006 et
1212 950 1425 1005 nullius
1463 950 1730 1005 auctoris’
1771 950 2115 1020 (‘praetoris’
2157 950 2296 1019 cod.‚

265 1039 407 1077 corr.
428 1022 799 1094 Augustinus)
840 1024 1153 1092 ‘praetexto
1181 1021 1423 1092 nomine,
1457 1020 1557 1090 qui
1592 1025 1784 1076 tamen
1822 1024 1954 1076 sunt
1988 1021 2075 1078 hi:
2112 1023 2293 1075 nam'

267 1110 314 1148 e.
355 1112 409 1162 q.
452 1111 493 1148 s.
567 1095 828 1148 Fortasse
868 1094 938 1148 de
976 1110 1088 1148 anu
1124 1093 1186 1147 in
1221 1093 1644 1147 matrimonium
1680 1093 1937 1148 ducenda
1973 1092 2179 1163 agitur.

417 1206 445 1253 1
485 1200 736 1254 facturus
773 1201 890 1256 cod.
1035 1199 1176 1271 risu]
1214 1218 1293 1254 an
1328 1199 1479 1255 ista?
1516 1201 1585 1267 cf.
1625 1201 1804 1256 coroll.
1843 1199 1938 1253 XL
2083 1205 2114 1253 2
2152 1216 2298 1253 mor-

268 1273 405 1325 tuus
444 1274 532 1325 est
567 1273 682 1328 cod.

1256 1366 1314 1422 V

271 1468 574 1554 Quinque
639 1468 859 1534 Thasii
936 1468 1075 1533 uini
1160 1469 1530 1553 depromam
1594 1466 2046 1553 (amphoras),
2114 1468 2298 1533 binas

720 1597 723 1600 ¹
1445 1573 1719 1639 Falerni.
2093 1589 2098 1593 ’

412 1696 632 1751 Plinius
670 1699 786 1751 nat.
817 1697 948 1751 hist.
979 1697 1107 1752 XIV
1128 1702 1213 1766 14,
1235 1701 1301 1750 16
1345 1695 1447 1750 ‘sic
1484 1711 1708 1764 quoque
1743 1697 1944 1764 postea
1980 1694 2079 1749 diu
2116 1698 2299 1750 trans-

269 1768 493 1822 marina
529 1767 590 1821 in
628 1767 967 1822 auctoritate
1004 1768 1233 1822 fuerunt
1268 1769 1329 1821 et
1366 1767 1439 1820 ad
1478 1783 1617 1821 auos
1654 1782 1831 1835 usque
1867 1769 2114 1836 nostros,
2162 1767 2300 1836 quin

273 1841 332 1893 et
356 1839 598 1893 Falerno
627 1838 742 1894 iam
769 1841 1008 1908 repert0‚
1039 1838 1186 1893 sicut
1221 1838 1460 1908 adparet
1495 1854 1572 1891 ex
1609 1837 1735 1892 illo
1774 1837 2031 1904 comico
2069 1855 2297 1892 uersu:

272 1909 545 1979 quinque’
586 1926 633 1965 e.
662 1928 714 1979 q.
746 1927 789 1964 s.
828 1909 1095 1980 (comici
1130 1910 1256 1964 Par.
1294 1909 1363 1979 E)
1487 1909 1578 1962 Ad
1615 1908 1847 1963 Sullana
1884 1912 2141 1979 tempora
2175 1926 2299 1964 ver-

273 1999 397 2036 sum
434 1998 470 2036 a
505 1980 692 2037 Plinio
730 1980 925 2037 referri
961 1981 1182 2036 monuit
1216 1981 1609 2036 Lachmannus
1645 1979 1708 2035 in
1741 1980 1899 2037 Lucr.
1940 1987 2061 2038 327.

416 2087 592 2157 quina
627 2091 768 2144 coni.
807 2089 1076 2159 Mayhoff
1293 2087 1459 2141 binas
1495 2089 1693 2157 scripsi
1744 2087 1882 2141 bina
1920 2088 2103 2143 Hard.
2162 2087 2300 2142 uina

279 2161 456 2215 Vatic.
492 2159 584 2214 D²
619 2159 740 2213 uini
778 2180 821 2229 φ
967 2158 1104 2228 quin
1139 2157 1336 2212 Thasii
1372 2157 1493 2212 uini
1531 2158 1676 2212 dena
1710 2174 1981 2228 promam,
2019 2158 2158 2212 bina
2193 2159 2299 2212 Fa·

272 2230 415 2285 lerni
456 2229 609 2284 dolia
646 2232 961 2287 dubitanter
979 2231 1372 2286 Lachmnnus
1406 2231 1773 2285 hemametrum
1802 2230 1852 2284 I.
1874 2230 2105 2284 Beckeri
2141 2232 2301 2300 quasi

273 2302 638 2358 Lucilianum
674 2301 921 2371 quinque
951 2300 1125 2355 Thasi
1161 2300 1281 2354 uini
1320 2300 1661 2370 depromam,
1699 2299 1838 2353 bina
1872 2298 2099 2353 Falerni
2135 2317 2299 2371 repu-

275 2375 456 2428 diam.
534 2374 633 2427 uin
668 2372 864 2427 Thasii
901 2371 1023 2426 uini
1062 2371 1404 2441 depromam,
1440 2373 1540 2425 uin
1575 2370 1840 2426 Falerni?
1878 2414 1889 2425 .
1924 2414 1934 2424 .
1968 2414 1978 2423 .
2018 2372 2145 2426 Buc

1241 2530 1331 2588 VI

273 2684 288 2696 .
334 2685 348 2697 .
398 2632 655 2716 qualem
704 2631 964 2697 demens
1010 2631 1132 2696 iste
1180 2629 1583 2713 chlamydem
1630 2628 1985 2714 disperdJ't‘?
2032 2681 2045 2694 .
2093 2680 2108 2693 .

415 2769 798 2825 Tertullianus
838 2770 908 2825 de
943 2768 1120 2840 pallio
1148 2776 1183 2823 4
1215 2769 1461 2838 ‘prorsus
1501 2768 1550 2822 si
1587 2768 1713 2837 quis
1750 2768 2111 2823 Maeandrico
2148 2768 2301 2822 fluxu

274 2841 582 2896 delicatam
626 2843 844 2895 uestem
891 2840 1050 2895 humi
1093 2840 1417 2909 protrahat,
1474 2840 1673 2894 audiat
1720 2856 1866 2909 pone
1916 2856 1974 2894 se
2021 2839 2171 2908 quod
2218 2841 2297 2893 et'

273 2914 437 2985 (aitv)
478 2911 838 2969 ‘comicusz
878 2912 1178 2980 qualem’
1221 2928 1267 2966 e.
1305 2928 1358 2979 q.
1399 2928 1439 2965 s.

1229 3069 1349 3129 VH

276 3224 724 3238 ........
773 3171 889 3236 hui
935 3171 1172 3236 uictrix
1217 3170 1458 3257 Venus,
1504 3170 1766 3236 uidesne
1811 3172 2011 3240 haec?
2229 3190 2294 3239 13
2299 3194 2329 3266 s
2337 3199 2403 3246 14

413 3312 594 3368 Varro
632 3312 703 3366 de
739 3312 776 3365 1.
811 3310 1007 3366 1.V62
1048 3312 1129 3364 ‘et
1163 3310 1364 3364 horum
1398 3309 1703 3365 uinctionis
1741 3310 1827 3365 uis
1865 3312 2112 3381 Venus3
2163 3312 2301 3367 hinc

277 3383 603 3439 comicus:
654 3382 803 3435 hui’
847 3397 892 3437 e.
932 3399 985 3450 q.
1025 3399 1065 3436 s.
1144 3382 1279 3436 ‘non
1316 3381 1467 3450 quod
1505 3381 1728 3436 uincere
1766 3382 1908 3437 uelit
1944 3382 2161 3452 VenuS,
2203 3384 2301 3438 sed

276 3454 527 3508 uincire.’
605 3451 928 3522 (comicus
964 3453 1171 3507 Laetus
1209 3452 1505 3506 comicos
1543 3453 1686 3507 Flor.
1728 3453 2010 3507 comites
2053 3453 2298 3509 Vindob.

276 3525 447 3581 Basil.
488 3525 668 3594 apud
706 3523 1001 3578 comicos
1038 3524 1097 3577 L.
1139 3522 1492 3592 Spengelius)
