2610 4007
382 135 513 199 330
1256 131 1529 187 NOVIVS

1293 292 1482 358 VIHb

276 423 379 470 110
400 454 840 469 .....
932 403 1182 486 aliquot
1229 401 1660 486 altipendulos

398 508 804 594 Reliquimus
850 508 1210 573 uindemiae
1257 508 1653 592 superstites·

525 637 551 685 1
575 648 648 702 sq.
689 632 959 686 Numeros
995 632 1241 685 indicavi

521 738 608 791 Fr.
637 738 715 791 IX
752 737 901 792 inter
934 737 1256 791 Naevianas
1293 753 1500 805 quaere
1538 735 1806 805 reliquias
1845 753 1984 792 com.
2016 735 2125 790 inc.
2155 735 2365 791 XXIX.

275 1027 376 1074 113
1366 923 1420 980 X
1552 1006 1708 1090 quid
1751 1007 1993 1091 ploraS,
2042 1007 2276 1090 pater?
2325 1043 2416 1052 —

378 1113 617 1178 Mirum
664 1113 733 1176 ni
779 1116 1031 1177 cantem
1079 1165 1092 1177 .
1142 1164 1154 1176 .
1201 1112 1659 1177 condemnatus
1706 1136 1866 1177 sum.

521 1233 710 1289 Cicero
750 1235 819 1288 de
858 1237 997 1289 orat.
1028 1235 1080 1288 H
1116 1240 1201 1303 69,
1233 1240 1335 1288 279
1379 1236 1487 1288 ‘me
1534 1234 1763 1303 quidem
1806 1234 2031 1288 hercule
2079 1234 2257 1288 etiam
2304 1234 2420 1288 illa

379 1307 546 1360 ualde
591 1308 822 1359 mouent
873 1306 1229 1360 stomachosa
1275 1308 1333 1360 et
1382 1305 1546 1374 quasi
1594 1306 1921 1360 submorosa
1969 1305 2236 1374 ridicula,
2297 1323 2423 1360 non

379 1396 504 1432 cum
533 1395 567 1431 a
595 1394 813 1431 moroso
849 1377 1134 1445 dicuntur3
1173 1379 1297 1430 tum
1324 1377 1473 1431 enim
1508 1394 1623 1431 non
1661 1377 1761 1444 sal,
1800 1377 1897 1430 sed
1933 1379 2140 1431 natura
2171 1376 2417 1432 ridetur.

378 1451 441 1502 In
478 1465 614 1518 quc,
662 1451 726 1502 ut
762 1448 901 1501 mihi
938 1448 1188 1517 uidetur,
1235 1448 1550 1517 persalsum
1590 1447 1735 1501 illud
1772 1452 1859 1502 est
1897 1448 2048 1516 apud
2084 1447 2419 1503 Nouium:

383 1521 541 1589 quid’
574 1538 619 1575 e.
650 1538 702 1588 q.
733 1538 775 1574 ε.

524 1634 550 1680 1
581 1645 656 1696 sq
705 1625 889 1691 Quid?
938 1626 1153 1696 ploras,
1199 1628 1398 1695 pater?
1446 1627 1470 1687 ΙῙ
1516 1624 1719 1679 mirum
1764 1625 1824 1679 ni
1872 1628 1974 1696 (vel
2016 1625 2221 1679 mirum
2271 1626 2419 1694 quin

378 1700 515 1753 conl
548 1699 751 1753 Plauti
786 1699 941 1752 Trin.
972 1701 1099 1767 495)
1146 1700 1395 1752 cantem·
1446 1698 1848 1751 condemnatus
1897 1715 2019 1750 sum
2063 1700 2418 1766 septenarius

371 1771 589 1838 placuit
638 1785 910 1839 anonymo
965 1771 1027 1822 in
1083 1769 1366 1823 Leutschii
1414 1770 1531 1823 ind.
1571 1770 1763 1838 philol.
1808 1774 1945 1822 1870
1988 1786 2048 1837 p.
2090 1773 2220 1835 392,
2280 1770 2416 1823 item

380 1841 631 1911 Berykio.
687 1841 870 1893 Inseri
903 1856 998 1911 eyo
1035 1842 1248 1910 quidem
1285 1856 1455 1893 causa
1490 1841 1574 1894 vel
1610 1839 1812 1908 capitis
1849 1842 2008 1895 velim
2128 1845 2159 1893 2
2200 1837 2415 1893 mirum

380 1928 479 1965 om.
509 1912 659 1966 codd.
689 1912 873 1964 mutili

1349 2027 1434 2085 XI

273 2151 375 2197 115
400 2127 636 2205 Quanti
682 2127 1046 2192 addictust‘?
1094 2166 1177 2173 —
1223 2127 1406 2192 Mille
1451 2150 1803 2192 nummum.
1848 2166 1930 2174 —-
1977 2127 2166 2194 Nihil
2214 2129 2414 2194 addo:

1658 2236 1850 2300 ducas
1895 2236 2065 2299 licet.

522 2356 713 2412 Cicero
752 2358 821 2410 de
860 2360 999 2413 orat
1034 2357 1085 2410 H
1123 2363 1208 2426 63,
1238 2363 1341 2412 255
1385 2355 1762 2411 ‘notissimum
1797 2356 2024 2410 ridiculi
2059 2374 2237 2438 genus
2277 2375 2411 2411 cum

381 2427 538 2480 aliud
589 2431 971 2498 expectamuS‚
1031 2429 1183 2482 aliud
1238 2428 1458 2482 dicitur.
1533 2427 1640 2482 Hic
1688 2427 1970 2482 nobismet
2021 2427 2159 2497 ipsis
2211 2432 2411 2483 noster

380 2515 531 2553 error
574 2499 749 2552 risum
792 2503 998 2554 mouet
1075 2500 1235 2565 Quod
1274 2499 1323 2552 si
1369 2499 1682 2553 admixtum
1717 2501 1805 2553 est
1845 2499 2019 2553 etiam
2055 2499 2407 2568 ambiguum,

378 2571 443 2624 fit
480 2570 707 2640 salsius,
751 2573 815 2624 ut
854 2572 1004 2640 apud
1039 2571 1333 2625 Nouium
1369 2571 1594 2625 uidetur
1631 2586 1750 2624 esse
1787 2569 2100 2625 misericors
2137 2570 2262 2639 ille,
2304 2571 2408 2639 qui

378 2641 690 2695 iudicatum
719 2641 847 2694 duci
876 2642 1075 2696 uidens
1107 2645 1469 2712 percontatur
1496 2641 1604 2696 ita:
1646 2641 1890 2709 quanti
1921 2685 1931 2696 .
1965 2687 1975 2697 .
2009 2687 2019 2696 .
2048 2659 2404 2696 nummum.

381 2712 439 2766 Si
486 2712 799 2766 addidisset
843 2716 1067 2767 tantum
1118 2714 1284 2767 modo
1339 2714 1544 2770 ducas
1595 2712 1789 2780 licet,
1841 2715 1989 2766 esset
2033 2712 2177 2766 iUud
2224 2729 2407 2782 genus

376 2783 603 2837 ridiculi
638 2786 860 2852 praeter
897 2784 1369 2854 expectationem,
1409 2784 1507 2838 sed
1544 2783 1679 2850 quia
1716 2783 1940 2837 addidit
1975 2783 2157 2836 nihil
2196 2784 2404 2853 addc,

378 2855 585 2908 ducas
641 2854 835 2923 licet,
900 2855 1094 2909 addito
1144 2856 1433 2925 ambiguo,
1492 2854 1669 2908 altero
1716 2871 1919 2925 genere
1963 2854 2216 2922 ridiculi,
2273 2855 2406 2924 fuit,

377 2928 442 2979 ut
477 2925 617 2979 mihi
653 2925 882 2993 quidem
917 2926 1158 2995 uidetur,
1199 2926 1583 2981 salsissimus.’
1657 2926 1992 2979 Naeuium
2028 2926 2282 2981 Laudun.

440 3106 465 3157 t
520 3031 807 3157 aitssdicitust
824 3035 1024 3100 mutili,
1043 3034 1156 3088 nisi
1173 3035 1317 3103 quod
1339 3032 1644 3086 adductust
1663 3033 1827 3088 Harl.
1850 3032 2108 3087 addictus
2131 3034 2403 3089 Laudem.

378 3121 436 3158 es
494 3120 528 3157 a
607 3121 676 3157 uc
706 3121 740 3157 a
771 3125 804 3174 χ

1330 3219 1447 3276 XII

379 3372 822 3387 .....
913 3320 1164 3404 sapiens
1211 3320 1266 3383 si
1314 3318 1585 3406 algebsS,
1632 3322 1883 3383 tremes,

520 3442 710 3496 Cicero
749 3443 818 3495 de
857 3444 995 3496 orat.
1026 3441 1076 3493 11
1117 3446 1199 3509 70,
1236 3446 1339 3495 285
1381 3442 1633 3510 ‘praeter
1679 3440 2126 3510 expectationem
2174 3442 2402 3509 accidit,

377 3515 443 3566 ut
487 3516 691 3566 testem
737 3512 985 3565 omnium
1029 3511 1173 3566 risus
1221 3512 1497 3567 obrueret.
1571 3511 1751 3565 Huius
1798 3512 2018 3582 generis
2066 3515 2153 3566 est
2198 3513 2402 3582 plenus
