2610 4007
207 3316 252 3345 NJ

384 165 511 229 176
1234 164 1511 220 TITINIV
1515 163 1550 219 S

381 325 508 404 Qui
544 349 623 392 ex
659 326 841 392 tanta
875 327 1154 392 factione
1192 330 1385 412 atque
1423 328 1655 414 opibus
1690 327 1974 412 puellam
2020 349 2164 391 sum
2211 348 2411 390 ausus
2490 310 2495 316 ⁸

1549 433 1833 521 adgredi.

521 536 739 592 Nonius
768 543 889 605 304,
910 543 975 591 21
1006 536 1255 591 ‘factio
1283 536 1489 592 iterum
1518 537 1803 608 significat
1831 536 2196 608 opulentiam,
2227 537 2411 591 abun-

381 607 638 663 dantiam
692 611 751 663 et
803 607 1177 664 nobilitatem.
1250 607 1496 662 Titinius
1552 609 1812 664 sediam
1868 610 2127 663 metuo’
2178 624 2225 664 e.
2265 627 2318 677 q.
2358 626 2404 662 s.

381 679 666 749 (Setinat
705 681 929 733 metuo
966 680 1262 734 Mercerus.
1337 679 1575 735 fortasse
1614 680 1854 735 Setina
1890 678 2091 733 titulus
2130 683 2263 734 ante
2300 695 2407 733 se-

381 750 565 805 diam
612 749 846 819 excidit,
896 750 994 804 sed
1030 753 1223 804 manet
1257 749 1477 804 incerta
1510 750 1666 806 tituli
1703 751 1875 807 fides-
1933 750 2194 805 Ceterum
2230 750 2298 805 cf.
2335 750 2407 805 fr.

381 822 526 878 VIII.
564 822 655 876 IX.
694 821 798 876 XV
835 820 985 890 apud
1020 821 1167 877 Non.
1208 826 1327 891 186,
1366 828 1435 876 24
1473 825 1530 876 et
1569 827 1652 892 87,
1695 825 1783 893 13)

528 934 555 981 1
598 928 697 981 sed
734 926 906 981 etiam
943 928 1001 982 B
1038 927 1136 982 sed
1171 944 1300 981 cum
1336 927 1452 982 iam
1487 928 1564 983 M
1771 931 2127 983 mouemetuo
2167 929 2257 983 H¹
2290 945 2412 983 me-

382 1001 573 1053 metuo
612 999 681 1053 H
681 998 703 1030 ²
826 997 1012 1053 hercle
1047 1001 1237 1053 metuo
1263 1001 1452 1056 Vrbin.
1491 1004 1596 1054 308
1732 999 1871 1054 Geso
1908 1021 1951 1054 ω
2087 1005 2119 1054 2
2197 999 2409 1055 uellam

380 1071 580 1139 scripsi
615 1085 742 1124 eam
778 1091 821 1124 ω
857 1069 1019 1124 illam
1054 1070 1427 1126 Neukirchius
1551 1070 1651 1138 qui
1688 1087 1814 1126 eam
1849 1073 2014 1125 tanta
2050 1086 2118 1124 ex
2181 1070 2407 1126 actione

382 1143 555 1208 atque
592 1139 793 1210 opibus
832 1158 1000 1195 ausus
1039 1158 1162 1195 sum
1188 1142 1429 1198 Bothius
1454 1144 1722 1199 trochaeis
1832 1143 2075 1198 Ceterum
2108 1143 2178 1209 cf.
2209 1142 2411 1199 Plauti

387 1213 539 1268 Trin.
579 1217 699 1266 491.
739 1217 841 1267 497
884 1213 1013 1269 cist.
1052 1217 1155 1267 493
1192 1229 1267 1283 sq.

1350 1345 1438 1404 IV

278 1433 381 1554 {¹1³3
398 1445 600 1511 Paula
645 1468 805 1532 mea,
850 1447 1098 1531 amabo,
1141 1446 1254 1531 pol
1299 1449 1479 1511 tuam
1524 1447 1606 1511 ad
1648 1446 1904 1512 laudem
1947 1446 2167 1512 addito
2206 1448 2409 1533 ‘prae-

1550 1552 1818 1618 fiscini’!

525 1656 809 1755 Charisius
835 1662 1015 1780 pil18?
1033 1655 1569 1781 P.·‘p1¹;ae’fisci12i·
1590 1656 1835 1781 Titinigs
1860 1657 1923 1782 ἔῃ
1951 1656 2402 1782 ὃῧὺίῃαᾶἱΡαιιΙω

382 1745 587 1853 ἓξὲξ.
597 1744 1304 1867 (Πὲθρξιὲῇαὸΐαὲἓξιῖῗιιῗ.
1321 1730 1669 1853 Οξαῖῗιείιιιιξιὸ
1683 1744 1987 1854 sffiwiseissxlg
2028 1745 2407 1856 ffignuigagffl

382 1868 626 1923 lielmius
660 1867 835 1923 Veris.
864 1869 917 1922 Π
947 1875 1029 1936 14,
1066 1868 1206 1923 item
1242 1869 1496 1939 Scaliger
1528 1869 1676 1925 Cast.
1708 1870 1781 1925 ad
1816 1870 1964 1925 Fest.
1994 1889 2048 1941 p.
2081 1877 2223 1942 148.)
2273 1872 2404 1926 For·

382 1943 534 1995 tasse
573 1957 780 2011 sponsa
813 1939 1080 2008 loquitur.

526 2048 784 2104 Senarios
817 2049 948 2103 olim
974 2050 1221 2118 praetuli
1228 2069 1249 2116 ;
1295 2065 1561 2119 personas
1602 2056 1731 2105 ante
1764 2048 1862 2118 pol
1899 2051 2157 2107 distinxit
2200 2051 2405 2107 Twme·

383 2121 484 2175 bus
589 2121 750 2173 tuam
782 2121 980 2189 scripsi
1013 2122 1079 2173 tu
1114 2121 1230 2175 cod.
1366 2197 1424 2254 V

382 2298 488 2365 An
527 2299 680 2385 quia
706 2299 840 2385 ‘pol
877 2298 1123 2384 edepol’
1152 2299 1461 2385 fabulare,
1507 2299 1864 2385 ‘ed-immed?
1892 2300 2245 2367 meministi
2280 2302 2406 2367 —?

526 2414 809 2477 Charisius
844 2439 899 2490 p.
931 2425 1033 2475 178
1060 2420 1121 2475 Ρ.
1155 2420 1407 2475 ‘medio
1437 2424 1489 2492 (e
1501 2420 1612 2476 dio
1641 2424 1903 2492 excerpta
1927 2421 2103 2479 Paris.
2134 2426 2192 2478 et
2219 2423 2404 2492 Bern.)

382 2492 413 2545 f
417 2492 585 2561 idio,
621 2509 722 2562 per
756 2492 948 2547 Iouem
982 2490 1075 2545 uel
1112 2491 1278 2546 fidem
1316 2491 1565 2546 filiumue
1601 2491 1751 2546 Iouis
1788 2493 2098 2563 Herculem,
2137 2511 2284 2563 quae
2322 2494 2404 2549 iu·

382 2563 530 2618 ratio
568 2581 667 2633 pro
709 2562 796 2616 ria
831 2563 1077 2617 uirorum
1115 2566 1217 2632 est,
1255 2565 1322 2617 ut
1354 2562 1690 2618 feminarum
1726 2563 1926 2634 edepol
1962 2568 2181 2619 ecastor
2218 2566 2404 2620 eiun0.

381 2634 637 2702 Denique
711 2633 961 2689 itinius
989 2632 1057 2686 in
1078 2632 1319 2689 Setina
1346 2634 1773 2689 molliculum
1803 2635 2405 2691 adulescentulum

382 2704 789 2760 effeminate
834 2704 1225 2773 loquentem
1263 2721 1408 2758 cum
1443 2705 1943 2775 reprehendere
1988 2707 2238 2777 magis'
2278 2712 2402 2779 (scr.

383 2776 737 2847 magister)
779 2775 1051 2846 ‘uellet‚
1087 2776 1211 2845 An,
1248 2775 1451 2847 inquit,
1487 2776 1679 2845 quia’
1720 2793 1767 2831 e.
1806 2795 1858 2846 q.
1897 2796 1940 2834 s·

531 2882 646 2937 ‘edi
671 2881 844 2937 medi’
875 2881 1183 2937 meministi
1208 2884 1563 2953 inperfectam
1589 2886 1910 2940 sententiam
1936 2886 2122 2954 (quam
2146 2887 2407 2955 suppleas

384 2971 596 3009 marem
632 2957 690 3008 te
728 2956 871 3024 esse)
909 2955 1224 3010 dubitanter
1251 2956 1434 3024 posui.
1491 2953 1673 3008 edime
1701 2954 1933 3009 diemini
1970 2956 2082 3011 cod.
2123 2955 2216 3009 edi
2254 2955 2408 3011 medi

383 3027 465 3081 ed.
496 3044 587 3096 pr.
628 3024 744 3079 ‘edi
779 3024 952 3079 medi’
989 3023 1205 3079 minare
1242 3027 1309 3081 de
1337 3031 1486 3096 part.
1526 3026 1619 3081 lat.
1651 3043 1709 3094 p.
1741 3031 1809 3080 26
1847 3027 2052 3082 conieci

1352 3157 1441 3216 VI

388 3312 402 3326 .
451 3312 464 3325 .
513 3312 527 3325 .
574 3313 587 3326 .
635 3261 818 3345 quasi
861 3259 1426 3345 hermaphroditus
1471 3258 1875 3325 fimbriatum
1920 3261 2201 3325 frontem

443 3369 632 3433 estas,
1404 3406 1407 3407 ν
1644 3382 1677 3397 “

518 3468 744 3525 Nonius
782 3477 903 3540 204,
941 3476 1009 3525 28
1051 3468 1374 3525 ‘frontem
1414 3514 1425 3526 .
1459 3514 1471 3525 .
1502 3513 1512 3524 .
1552 3469 1862 3524 masculino
1899 3469 2143 3525 Titinius
2183 3469 2402 3527 Setina:

386 3540 571 3608 quasi'
613 3557 660 3595 e.
690 3558 742 3609 q.
774 3561 814 3597 s.
888 3542 1044 3596 Idem
1079 3542 1442 3611 paedagogus
1479 3540 1635 3609 loqui
1674 3540 1909 3596 videtur.
