2610 4007
393 204 476 268 68
1047 201 1417 257 CAECILIVS
1457 200 1755 255 STATIVS

672 420 673 423 ,
1374 369 1431 425 V

289 461 419 522 140ι
436 455 693 519 uelitari

534 557 750 613 Nonius
788 562 846 623 3,
887 562 953 610 13
995 556 1355 610 ‘uelitatio
1394 555 1601 610 dicitur
1638 555 1781 610 leuis
1819 554 2106 611 contentio
2147 599 2157 609 .
2192 599 2202 609 .
2235 599 2245 609 .
2286 571 2419 609 uer-

393 630 483 684 bis
529 629 920 683 uelitationem
960 671 969 681 .
1003 672 1013 682 .
1048 672 1057 681 .
1096 627 1322 681 uelitati
1375 627 1512 680 estis
1567 627 1718 681 inter
1770 645 1872 681 uos
1929 627 2041 681 duo
2082 670 2092 679 .
2127 670 2138 679 .
2171 669 2182 680 .
2222 626 2419 680 uerbis

328 732 331 733 ν
393 700 632 755 uelitare
675 744 685 753 .
718 698 986 755 ..labris
1031 698 1180 752 inter
1225 715 1283 752 se
1329 698 1557 752 uelitari
1597 742 1608 752 .
1695 698 1972 753 Caecilius
2009 697 2418 753 Pausimacho:

394 772 487 826 hic
534 772 736 825 desunt
780 773 1024 850 quatuor
1064 769 1247 823 lineae
1283 786 1428 850 quae
1466 769 1525 822 in
1565 743 1853 824 autentico
1891 787 2004 823 non
2042 772 2204 851 erant
2241 768 2422 838 scrip-

393 844 528 897 tae?
568 842 681 912 (Sic
716 841 777 894 in
812 839 1103 895 Victorino
1142 841 1262 895 cod.
1301 843 1361 894 et
1396 839 1457 892 in
1493 840 1582 908 W,
1621 840 1761 894 item
1797 841 2001 894 lacuna
2037 839 2098 893 in
2124 840 2201 907 H,
2240 840 2422 893 ceteri

396 911 1213 1054 ggpfiguairg321‘gausimacho
1266 929 1421 965 mum
1477 910 1724 965 interent
1768 914 1974 966 tamen.
2049 911 2208 980 Toga
2258 911 2422 965 dicta

1162 1114 1641 1186 PHILVMENA

1384 1223 1414 1280 I

398 1324 523 1401 Qui
565 1324 750 1408 panis
795 1323 984 1388 solidi
1031 1323 1360 1387 corbulam
1408 1373 1421 1386 .
1469 1374 1481 1386 .
1532 1373 1545 1386 .
1594 1373 1607 1386 .

536 1444 751 1499 Nonius
784 1450 900 1513 197,
922 1450 989 1500 29
1031 1444 1328 1512 ‘corbe8,
1368 1443 1625 1497 corbulas
1657 1488 1669 1499 .
1694 1487 1740 1497 ..
1772 1437 2049 1497 Caecilius
2085 1442 2418 1500 Filumena:

396 1515 610 1586 qui’e.
649 1534 701 1585 q.
742 1534 783 1570 s.
819 1514 1104 1585 (caelius
1142 1516 1215 1569 W
1250 1514 1470 1568 celius
1510 1518 1577 1584 φ)

538 1622 730 1748 εὲιιᾱι,
784 1625 822 1677 i.
860 1641 901 1678 e.
940 1621 1067 1676 duri
1101 1624 1298 1692 scripsi
1334 1620 1442 1675 soli
1488 1642 1558 1689 ω,
1608 1638 1764 1691 posse
1807 1622 2109 1693 yenetivwm
2152 1638 2261 1676 esse
2297 1639 2410 1676 mo-

396 1696 522 1749 nuit
616 1712 684 1749 ue
2174 1723 2179 1730 ·

1373 1790 1435 1847 Π

297 1892 395 1940 141
409 1881 426 1911 ¹
444 1874 639 1937 factio

539 1975 754 2031 Nonius
776 1982 896 2046 304,
919 1982 987 2030 28
1021 1975 1267 2031 ‘factio
1304 1975 1509 2031 iterum
1538 1975 1825 2046 significat
1854 1975 2218 2046 opulentiam,
2240 1976 2421 2031 abun·

399 2047 653 2101 dantiam
688 2051 747 2101 et
780 2047 1139 2102 nobilitatem
1179 2092 1188 2102 .
1222 2093 1232 2103 .
1266 2093 1276 2102 .
1318 2046 1592 2102 Caecilius
1630 2047 1962 2101 Filiumin
2003 2048 2149 2102 alta
2187 2064 2421 2111 eorum

398 2119 642 2172 famam
679 2119 1083 2173 occultabat
1116 2119 1375 2174 facti0.’
1418 2118 1675 2189 (filium
1713 2118 1984 2173 ainalta
2004 2120 2123 2188 W1)
2144 2119 2420 2176 cf.v.172.

541 2227 808 2280 Hiantem
843 2228 1120 2281 senarium
1153 2225 1467 2280 facinorum
1502 2225 1712 2279 famam
1743 2242 1791 2280 0.
1812 2225 1850 2281 f.
1882 2226 2180 2281 Madvicus
2208 2228 2422 2294 panxit

399 2297 484 2351 ita
520 2299 618 2366 (sic
658 2297 982 2367 Grauertus)
1017 2314 1211 2351 eorum
1246 2296 1540 2351 infamiam
1578 2314 1627 2351 0.
1662 2296 1699 2350 f.
1737 2315 1778 2351 a:

1230 2463 1584 2524 PLOCIVM

538 2579 789 2662 ῌλόκιον
824 2581 1133 2637 Menandri.
1204 2581 1527 2635 Luculentis
1566 2580 1735 2635 Gellii
1772 2581 1842 2634 de
1880 2583 2208 2661 argumento
2254 2580 2419 2634 testi-

403 2652 604 2707 moniis
631 2670 744 2707 ιιοιι
770 2652 928 2707 nulla
956 2669 1024 2706 ex
1050 2652 1268 2721 reliqua
1284 2652 1686 2706 versiculorum
1712 2651 1992 2721 farragine
2021 2650 2230 2705 indicia
2259 2668 2420 2705 acce-

403 2724 559 2777 dunt.
573 2725 654 2777 Ac
667 2723 908 2792 primum
923 2724 996 2776 ad
1010 2723 1300 2791 utriusque
1320 2722 1467 2777 senis
1483 2722 1807 2777 deverbium
1821 2722 1979 2792 illud,
1999 2723 2147 2776 unde
2167 2725 2253 2776 est
2271 2722 2336 2776 fr.
2349 2723 2421 2791 11,

402 2794 647 2863 pertinet
666 2794 785 2848 sine
806 2794 977 2849 dubio
996 2794 1261 2849 festivum
1280 2794 1511 2848 alterius
1541 2794 1611 2847 de
1637 2797 1859 2848 mortua
1887 2810 2055 2847 uxore
2085 2794 2303 2846 dictum
2321 2794 2417 2848 ΙΠ.

404 2867 588 2933 Atque
616 2869 681 2919 ut
707 2864 974 2935 τρυγόνος
1008 2863 1258 2935 λαλιστέρ
1262 2887 1299 2919 α
1338 2882 1410 2935 ap
1411 2866 1488 2919 ud
1515 2855 1883 2920 Menandrum
1908 2864 2039 2918 XIII
2066 2865 2139 2918 M.
2169 2867 2293 2933 (416
2328 2864 2420 2934 Κ.)

405 2937 698 2990 dicebatur
733 2936 913 3006 Croby
915 2937 985 3018 19,
1023 2936 1107 2990 ita
1142 2936 1316 2991 facies
1345 2937 1594 2990 eiusdem
1623 2940 1754 3006 apte
1782 2935 1862 2990 eis
1891 2934 2242 3002 describitur,
2271 2952 2421 3004 quae

405 3006 527 3061 sine
554 3007 781 3062 fabulae
808 3007 1033 3061 nomine
1062 3010 1259 3062 extant
1286 3008 1438 3077 apud
1466 3007 1711 3061 Nonium
1740 3013 1860 3076 119,
1882 3013 1948 3062 19
1979 3006 2116 3087 (inc.
2134 3005 2248 3087 fab.
2276 3006 2419 3076 XX).

404 3078 574 3132 Porro
622 3078 866 3132 hominis
910 3079 1199 3148 pauperie,
1245 3079 1352 3132 hoc
1399 3081 1486 3133 est
1532 3078 1779 3133 eiusdem
1825 3077 1970 3131 senis
2008 3076 2181 3131 vicini
2226 3093 2421 3134 servus

404 3149 676 3204 Parmeno
723 3149 813 3218 (cf.
851 3151 997 3204 Men.
1035 3150 1165 3203 VIII
1201 3174 1268 3195 =
1308 3155 1412 3204 407
1450 3149 1538 3230 Κ.)
1576 3149 1727 3203 erilis
1764 3149 1916 3203 filiae
1952 3148 2166 3229 gemitu
2204 3147 2420 3217 audite,

406 3237 533 3274 cum
568 3223 749 3301 totam
784 3237 901 3274 rem
939 3220 1123 3274 adhuc
1158 3220 1521 3290 ignoraverit,
1550 3221 1730 3290 primo
1759 3219 2092 3274 coniecturis
2119 3218 2422 3288 indulgens

408 3290 469 3343 ιιι
504 3290 752 3344 vicinum
799 3291 1238 3360 adulescentem,
1286 3308 1454 3360 quem
1497 3292 1721 3373 puellae
1759 3291 2061 3345 admodum
2097 3307 2217 3344 esse
2255 3289 2423 3343 fami-

408 3360 605 3415 liarem
643 3362 774 3431 scit,
822 3362 1037 3417 confert
1074 3362 1461 3433 suspicionem.
1536 3362 1710 3431 Atqui
1746 3379 1860 3416 non
1897 3361 2158 3416 convenit
2194 3378 2423 3430 compu-

408 3432 558 3486 tanti
593 3433 860 3502 temporis
897 3433 1042 3487 ratio
1081 3434 1177 3503 (IV
1214 3437 1272 3488 et
1307 3434 1566 3488 Menand.
1606 3434 1787 3487 111-
1720 3461 1787 3480 =
1824 3438 1929 3487 413
1965 3433 2080 3503 Κ.)·
2117 3449 2249 3486 nam
2287 3435 2421 3487 ante

407 3503 561 3571 ipsos
610 3504 802 3558 decem
847 3521 1063 3558 menses
1113 3505 1336 3559 demum
1386 3522 1509 3559 erus
1554 3521 1681 3558 rure
1726 3504 1787 3558 in
1832 3505 2027 3558 urbem
2079 3503 2424 3573 migraverat

411 3574 500 3645 (cf.
536 3574 795 3630 Menand.
824 3576 875 3629 V
902 3576 980 3629 VI
1006 3576 1110 3630 VH
1147 3604 1213 3622 =
1234 3582 1354 3630 405
1393 3594 1472 3645 sq.
1511 3582 1615 3631 408
1653 3576 1759 3646 K.),
1796 3592 1898 3630 nec
1937 3578 2065 3629 ante
2102 3575 2162 3628 id
2198 3577 2422 3645 tempus
