2610 4007
397 169 487 233 46
1055 167 1426 223 CAECILIVS
1464 167 1764 222 STATIVS

1237 407 1581 467 EPHESIO

542 523 622 579 Cf.
656 521 914 594 Ἐφέσιος
948 523 1259 579 Menandri.

397 633 562 698 Tum
609 633 904 718 equidem
949 632 1019 697 1'11
1065 636 1321 698 senecta
1363 632 1488 697 hoc
1538 632 1773 716 deputo
1819 632 2279 721 miserrimum,

398 738 650 805 Sentire
697 762 772 804 ea
816 743 1023 804 aetate
1070 742 1329 824 eumpse
1376 761 1511 804 esse
1558 739 1851 804 odiosum
1898 739 2099 804 alteri.

536 860 753 914 Nonius
784 867 840 931 1,
870 867 902 914 2
954 860 1247 914 ‘senium
1291 863 1381 915 est
1432 860 1687 914 taedium
1733 862 1791 914 et
1838 860 2052 930 odium,
2110 860 2324 916 dictum
2384 881 2423 918 a

396 933 706 1000 senectute,
753 932 905 1000 quod
943 947 1101 986 senes
1139 931 1398 986 omnibus
1437 931 1568 985 odio
1607 931 1723 985 sint
1758 934 1817 986 et
1850 931 2057 987 taedio,
2134 932 2419 988 Caecilius

392 1002 453 1056 in
490 1002 812 1057 Efesione
848 1005 1016 1057 tum’
1057 1019 1102 1058 e.
1132 1021 1185 1071 q.
1217 1021 1258 1058 S.
1326 1002 1682 1073 (Ephesioz
1717 1019 1845 1057 nae
1881 1006 2022 1056 tum
2059 1003 2414 1074 SpengeliuS.

390 1073 475 1127 De
511 1073 754 1143 Ephesio
793 1074 1073 1144 cogitarat
1109 1074 1282 1129 etiam
1310 1073 1536 1130 Junius:
1580 1074 1680 1128 sed
1717 1073 1914 1142 quidni
1951 1074 2246 1144 Ephesio
2324 1093 2420 1130 os-

393 1143 469 1198 sit
505 1145 652 1198 servi
686 1161 891 1199 nomen
926 1145 1099 1199 fuisse
1111 1149 1158 1216 ἲ)
1212 1144 1403 1199 Cicero
1433 1144 1664 1200 Catonis
1691 1145 1820 1199 mai.
1843 1151 1892 1214 8,
1915 1151 1982 1199 25
2023 1145 2244 1200 ‘melius
2274 1094 2389 1202 Cae

392 1214 554 1269 cilius
603 1258 616 1270 .
648 1260 658 1270 .
692 1258 704 1270 .
752 1233 923 1284 quam
975 1216 1120 1270 illud
1174 1215 1326 1270 idem
1380 1216 1553 1288 [Ploc.
1591 1216 1692 1287 IX]
1733 1260 1744 1271 .
1777 1260 1788 1271 .
1825 1261 1836 1270 .
1873 1216 2017 1269 illud
2071 1233 2204 1271 uero
2259 1180 2421 1272 ideni

393 1285 669 1341 Caecilius
706 1287 992 1343 uitiosius:
1030 1288 1172 1341 tum’
1215 1304 1262 1341 e.
1291 1305 1345 1356 q.
1377 1306 1418 1341 S.

533 1400 561 1448 1
604 1394 864 1462 equidem
899 1411 1000 1450 om.
1037 1395 1261 1450 Nonius
1366 1393 1428 1447 in
1466 1396 1752 1448 senectute
1795 1394 1902 1448 hoc
1938 1395 2162 1450 Nonius
2206 1395 2313 1449 hoc
2349 1394 2416 1450 in

391 1467 617 1520 senecta
661 1466 946 1537 Rhenauy.
989 1465 1262 1521 Ciceronis
1404 1471 1436 1518 2
1474 1481 1701 1534 eumpse
1749 1481 1870 1519 esse
1917 1465 2174 1519 odiosum
2212 1466 2415 1521 Fleck-

388 1539 601 1592 eisenus
645 1539 852 1593 annall.
895 1539 1105 1607 philon.
1136 1541 1274 1590 1865
1312 1553 1373 1605 p.
1404 1541 1506 1590 566
1554 1537 1647 1607 [cf.
1695 1537 1967 1608 Berykius
2012 1553 2192 1606 opusc.
2220 1538 2248 1591 I
2274 1540 2408 1610 395]

389 1623 517 1661 eum
562 1624 621 1661 se
668 1624 789 1662 esse
835 1608 1109 1664 odiosum
1142 1607 1416 1662 Ciceronis
1451 1607 1606 1662 Leid.
1641 1625 1711 1662 m.
1742 1625 1832 1677 pr.
1880 1624 2007 1662 eum
2052 1607 2236 1677 ipsum
2281 1625 2406 1663 esse

389 1679 645 1732 odiosum
671 1680 895 1734 Nonius
930 1696 1051 1734 esse
1088 1678 1346 1734 odiosum
1383 1695 1442 1732 se
1469 1679 1755 1750 Rhenauy.
1790 1678 1934 1734 θνα.
1974 1694 2094 1732 esse
2131 1679 2409 1750 odiosum,

386 1766 487 1804 om.
528 1765 612 1817 se,
651 1750 835 1805 PariS.
873 1751 1068 1807 Salisb.
1107 1750 1453 1806 Benedictob.
1502 1766 1561 1803 se
1607 1765 1728 1803 esse
1776 1749 2032 1803 odiosum
2068 1751 2197 1819 Erf.
2248 1751 2408 1805 odio—

389 1838 511 1873 sum
548 1837 606 1873 se
644 1837 764 1874 esse
798 1821 1000 1877 Trevir.
1039 1836 1161 1874 esse
1198 1836 1257 1874 se
1295 1820 1552 1875 odiosum
1586 1822 1836 1876 Indcrsd.
1875 1839 1998 1876 cum
2034 1825 2222 1877 ceteris
2249 1823 2408 1878 libris

390 1891 665 1946 Ciceronis
699 1891 884 1960 ipsum
920 1908 1041 1945 esse
1079 1890 1337 1946 odiosum
1372 1893 1610 1947 Bothius

1180 2076 1619 2137 EPIOLEROS

518 2191 852 2265 Ἐπίκκηρος
885 2166 1227 2264 Antiphanis
1262 2193 1516 2248 Alexidis
1552 2193 1785 2249 Diodori
1820 2192 2053 2263 Diphili.

1383 2310 1414 2367 Ι

277 2425 346 2475 30
382 2408 564 2475 Itane
607 2407 918 2494 'Antipho
965 2410 1295 2474 inuem'tur
1338 2410 1615 2494 profluia
1658 2409 1828 2474 fide?
1924 2496 1930 2503 .

381 2515 626 2582 Itanest
670 2517 1067 2597 inmemoriS‚
1112 2516 1352 2582 stanest
1396 2516 1652 2581 madida
1694 2517 2047 2581 memoria?

521 2638 840 2693 Priscianus
876 2657 931 2707 p.
959 2645 1060 2693 699
1090 2638 1149 2693 Ρ.
1193 2638 1308 2691 ‘hic
1344 2640 1403 2692 et
1436 2638 1578 2692 haec
1615 2640 1673 2692 et
1707 2639 1814 2693 hoc
1850 2654 2095 2692 memor
2236 2640 2400 2694 uetu—

382 2709 615 2766 stissimi
676 2713 869 2764 tamen
932 2709 1173 2764 similem
1235 2709 1499 2779 genetiuo
1564 2709 1918 2778 protulerunt
1981 2708 2100 2762 eius
2153 2709 2399 2765 nominis

379 2780 828 2837 nominatiuum.’
904 2781 1060 2835 Idem
1102 2800 1156 2851 p.
1198 2786 1298 2835 772
1328 2781 1389 2836 P.
1450 2780 1623 2850 ‘apud
1681 2779 1942 2848 antiquos
1997 2779 2090 2833 hic
2145 2784 2204 2835 et
2255 2781 2399 2836 haee

378 2852 691 2907 memoris
720 2854 778 2907 et
804 2853 912 2907 hoc
937 2868 1181 2907 memore
1207 2851 1613 2922 proferebatur.
1669 2850 1729 2904 in
1758 2869 1869 2919 quo
1897 2850 2060 2905 testis
2089 2854 2175 2905 est
2202 2851 2399 2923 Caper,

381 2923 738 2993 antiquitatis
795 2923 1150 2978 doctissimus
1200 2922 1518 2991 inquisitor.
1604 2922 1852 2977 ostendit
1897 2922 2046 2976 enim
2092 2922 2401 2978 CaeciJium

379 2994 439 3047 in
475 2994 732 3064 Epiclero
770 2994 850 3048 sic
885 2994 1212 3065 protulisse:
1250 2993 1427 3048 itane’
1468 3010 1514 3048 e.
1545 3011 1597 3062 q.
1628 3012 1670 3049 s.

522 3125 551 3172 1
589 3118 875 3173 inuenitur
901 3119 1218 3190 Spengelius
1252 3136 1323 3175 ex
1356 3120 1567 3175 duobus
1602 3120 1755 3175 codd.
1794 3118 2058 3173 inuentus
2088 3140 2131 3189 φ
2167 3126 2397 3190 utroque

377 3228 492 3282 1000
546 3228 634 3281 est
685 3225 948 3280 inuentus
994 3226 1234 3281 Rotam
1382 3225 1620 3295 profluja
1676 3226 1844 3281 Hazb.
1900 3203 2177 3295 proflu'una
2234 3225 2394 3282 arat.

374 3297 671 3366 profluiuia
707 3297 872 3368 Sany.
908 3296 1272 3365 profluzu—za
1305 3297 1438 3368 Rey.
1475 3296 1754 3366 profluida
1783 3299 1944 3354 Vind.
1985 3300 2016 3354 b
2045 3316 2104 3369 p.
2137 3302 2240 3351 699
2282 3296 2395 3366 pir-

374 3402 511 3456 fluia
549 3406 635 3473 (m.
666 3409 698 3456 2
788 3381 994 3474 irfluid)
1029 3404 1159 3474 Rey.
1192 3421 1250 3472 p.
1284 3408 1386 3458 772
1555 3409 1587 3457 2
1625 3403 1779 3457 itane
1822 3405 1908 3458 est
1945 3406 2028 3460 bis
2062 3416 2110 3473 ψ
2157 3403 2313 3458 itane
2346 3447 2392 3457 ..

373 3473 529 3527 itane
575 3476 662 3527 est
850 3520 861 3529 .
918 3474 1073 3529 itane
1121 3476 1207 3528 est
1349 3474 1492 3530 itane
1538 3477 1624 3528 est
1664 3475 1796 3546 Rey.
1827 3492 1887 3545 p.
1919 3480 2022 3529 699
2168 3473 2396 3528 medida

376 3544 510 3615 Ray.
550 3545 743 3602 Bamb.
774 3563 834 3616 p.
866 3551 968 3600 699
