2610 4007
211 531 280 579 75

319 137 447 201 170
1169 137 1483 194 TITINIVS

1278 306 1368 364 IV

321 405 584 471 Rectius
630 410 949 471 mecastor
992 408 1038 491 †
1081 407 1397 491 piculetae
1442 406 1788 472 Postumae

318 512 587 578 Lectum
632 512 822 578 hodie
868 516 1142 578 stratum
1187 512 1327 577 uidi
1372 517 1646 579 scrattae
1692 513 1995 578 mulieris.

458 635 657 689 Festus
692 653 747 703 p.
776 640 879 687 333
907 635 981 689 M.
1024 635 1373 704 ‘scraptae
1411 634 1745 689 dicebantur
1779 633 2113 705 nugatoriae
2142 650 2211 688 ac
2242 635 2348 689 de-

319 705 642 775 spiciendae
679 705 965 775 mulieres,
1013 708 1077 759 ut
1115 705 1199 759 ait
1233 706 1487 774 Verrius,
1536 706 1610 761 ab
1647 705 1762 773 his,
1808 722 1955 774 quae
1992 722 2147 760 screa
2184 705 2347 760 idem

320 776 711 858 appellabant,
759 776 820 829 id
858 779 945 831 est
981 792 1125 858 quae
1161 776 1287 858 quis
1327 793 1585 832 excreare
1622 777 1792 846 solet,
1838 780 2116 845 quatenus
2154 775 2215 829 id
2252 776 2345 831 fa-

317 848 519 902 ciendo
557 864 616 902 se
651 850 933 917 purgaret.
1007 848 1251 902 Titinius
1287 848 1350 902 in
1383 847 1634 905 Prilla:
1671 848 1901 903 rectius’
1943 864 1990 904 e.
2029 866 2082 917 q.
2122 865 2163 902 s,

465 960 492 1007 1
523 972 598 1024 sq.
649 953 853 1008 sectius
900 955 1105 1009 conieci
1146 956 1468 1011 sententiam
1509 956 1817 1011 inlustrans
1859 955 2042 1011 coroll.
2074 972 2132 1024 p.
2161 954 2347 1008 LVIII

388 1024 672 1078 Piculeiae
700 1026 1009 1097 (indiynari
1041 1027 1318 1081 mulierem
1351 1028 1660 1081 triclinium
1692 1027 2104 1096 conviviumque
2133 1043 2343 1094 parum

317 1098 553 1165 lautum)
579 1096 705 1151 Bue
732 1113 764 1150 o
792 1096 1086 1152 Proculeia
1112 1104 1496 1167 temptaverant
1521 1098 1672 1167 (olim
1696 1099 1759 1152 in
1784 1099 2002 1153 senario
2026 1095 2180 1166 picto
2210 1114 2347 1150 cum

318 1169 548 1237 tapete).
586 1166 809 1236 piculae
844 1170 977 1222 tuae
1014 1168 1385 1224 Neukirchius
1417 1167 1671 1223 Piculete
1707 1169 1980 1240 Bequius
2021 1174 2350 1237 comparato

318 1237 624 1292 Pakalatui
663 1238 796 1295 Osco
838 1241 1070 1295 nomine.
1143 1239 1239 1295 An
1284 1238 1671 1294 faeculentae?
1721 1240 1803 1295 vel
1847 1237 2193 1293 fetulentae?

321 1315 352 1361 2
394 1308 662 1365 scrattiae
698 1309 838 1363 muli
878 1352 891 1365 .
922 1354 933 1364 .
966 1354 977 1365 .
1009 1354 1022 1365 .
1059 1311 1174 1367 cod.
1188 1354 1202 1380 ,
1240 1312 1372 1366 olim
1406 1327 1544 1366 corr.
1582 1318 1633 1366 et
1666 1311 1844 1381 suppl.
1954 1311 2043 1365 De
2080 1312 2346 1379 scraptae

316 1382 499 1448 forma
533 1382 656 1438 vide
693 1381 1013 1439 Gorssenum
1047 1384 1113 1438 de
1141 1398 1303 1452 pron.
1340 1380 1396 1435 1¹
1429 1387 1536 1436 4¹74

1300 1548 1359 1605 V

1276 1651 1470 1735 quam
1517 1670 1636 1736 ego
1682 1647 1873 1713 hodie
1919 1650 2243 1714 extorrem

320 1756 461 1820 Hac
500 1757 689 1823 domo
725 1757 977 1842 faciam,
1013 1757 1373 1841 pilatricem
1411 1756 1619 1841 pallae
1654 1756 2017 1821 euallauero
2054 1754 2350 1841 pulchre.

462 1895 679 1950 Nonius
721 1901 849 1965 102,
888 1901 919 1948 2
970 1894 1343 1949 ‘enallaro’
1393 1894 1708 1975 (‘euallare’
1760 1897 1818 1949 et
1858 1894 2146 1949 ‘euallere’
2187 1893 2344 1964 libri,

321 1982 458 2022 corr.
497 1968 791 2023 MerceruS.
866 1965 1265 2021 euallauero
1314 1965 1638 2036 chherat)
1678 1965 1914 2021 ‘dictum
1949 1965 2245 2021 excludam
2285 1969 2349 2021 et

320 2038 485 2106 quasi
523 2041 680 2093 extra
716 2039 931 2092 uallum
975 2037 1214 2092 mittam.
1289 2036 1533 2092 Titinius
1578 2037 1826 2094 Prilia:
1882 2039 2073 2106 quam'
2115 2054 2161 2092 e.
2201 2055 2256 2105 q.
2300 2056 2347 2093 s.

321 2109 517 2179 (pilia
552 2110 714 2164 ΗῑΙι1
748 2108 1091 2164 terentius
1129 2108 1197 2162 in
1232 2108 1502 2178 praelia
1537 2108 1732 2165 Vrbin.
1772 2113 1896 2179 307)

465 2223 494 2270 1
524 2235 599 2288 sq.
638 2223 962 2286 anapaestos
997 2234 1033 2270 a
1174 2217 1220 2271 it
1252 2215 1380 2270 Bue
1496 2233 1667 2284 quam
1702 2216 1940 2271 Bothius
1974 2232 2087 2283 qua
2123 2235 2167 2269 ω
2204 2214 2351 2282 quia

321 2289 553 2358 Lipsius
694 2290 974 2342 extorram
1010 2233 1090 2340 191²
1250 2293 1281 2339 2
1321 2286 1429 2340 hac
1467 2287 1805 2342 Luebbertus
1840 2288 1905 2341 de
1939 2288 2078 2341 coni.
2110 2287 2353 2356 perfecti

321 2366 372 2414 et
396 2361 502 2427 fut.
532 2361 713 2415 exacti
740 2376 799 2428 p.
830 2364 862 2413 5
891 2358 1035 2411 hanc
1064 2378 1107 2411 ω
1213 2357 1404 2427 pallae
1432 2357 1756 2412 euallauero
1784 2357 1908 2413 Bue
1937 2356 2101 2437 palia
2128 2355 2350 2411 evalla-

320 2429 441 2485 uito
479 2433 532 2500 (o
570 2447 670 2486 om.
711 2429 813 2500 ΓΙ)
849 2450 892 2483 ω
927 2427 1091 2498 pallii
1127 2428 1451 2483 cuallauero
1489 2429 1721 2499 Lipsius
1754 2427 1897 2497 palli
1933 2436 2049 2481 ia‘m
2085 2426 2348 2483 enallaro

317 2503 643 2571 scripseram
688 2503 779 2570 (ef.
817 2501 1001 2556 Brock
1050 2507 1251 2570 quaest.
1288 2518 1512 2571 yramm.
1554 2503 1677 2570 138)
1729 2498 1961 2568 pulchre
2016 2498 2349 2554 enallauero

321 2573 559 2628 Bothius
700 2588 813 2640 qua
849 2573 880 2624 e
920 2588 952 2625 o
990 2570 1157 2625 hodie
1195 2574 1473 2625 extorrem
1508 2571 1653 2624 hanc
1692 2571 1857 2624 domo
1896 2571 2084 2624 actam
2118 2569 2350 2639 pilatri·

318 2660 443 2698 cem
477 2642 714 2713 pallium
748 2589 1031 2697 'Euaffiaro
1066 2642 1258 2712 pulcre
1294 2643 1654 2698 Hermannus

1285 2792 1374 2850 VI

321 2893 488 2959 Date
533 2893 632 2957 illi
677 2892 881 2978 biber,
926 2892 1232 2958 iracunda
1274 2892 1431 2957 haec
1481 2896 1595 2957 est.

464 3014 757 3095 Charisius·
783 3032 837 3083 p.
862 3019 929 3067 99
949 3014 1007 3068 Ρ.
1051 3013 1301 3084 ‘biber‚
1341 3014 1404 3068 τὸ
1441 3022 1610 3068 πιεῖν.
1667 3012 1724 3068 C.
1762 3012 2009 3068 Fannius
2048 3013 2344 3067 annalium

220 3136 224 3139 .
320 3090 552 3142 octauo:
609 3086 836 3140 domina
884 3084 1003 3139 eius
1048 3085 1149 3139 ubi
1200 3085 1273 3139 ad
1328 3084 1528 3139 uillam
1573 3087 1832 3153 uenerat,
1886 3084 2123 3139 iubebat
2177 3084 2347 3139 biber

321 3158 460 3212 dari.
545 3157 685 3212 Cato
740 3172 962 3240 quoque
1018 3155 1312 3226 Originum
1347 3173 1381 3212 *
1418 3156 1519 3210 sed
1572 3159 1631 3210 et
1680 3155 1924 3210 Titinius
1977 3155 2038 3209 in
2091 3155 2342 3211 Prilia:

322 3264 476 3318 date’
518 3280 564 3318 e.
604 3281 657 3332 q.
697 3280 740 3317 s.
815 3241 977 3333 (plia
1021 3263 1142 3318 cod.
1179 3262 1406 3337 prelia
1442 3262 1529 3318 ed..
1567 3265 1672 3333 pr.)
1745 3261 1824 3318 Of.
1865 3261 2087 3317 Onom.:
2139 3261 2342 3331 ‘biber,

319 3335 383 3388 τὸ
420 3334 609 3389 mm)

337 3510 347 3520 ·
387 3516 408 3564 t
463 3440 574 3510 illi]
598 3438 745 3563 tilico
780 3441 1054 3512 Bequius
1271 3439 1529 3496 Fortasse
1564 3442 1741 3496 altera
1769 3456 2009 3511 persona
2043 3439 2080 3493 i.
2119 3440 2173 3494 h.
2214 3441 2339 3494 est?

321 3527 384 3563 in
408 3527 596 3579 erroqa
