2610 4007
706 201 766 255 L.
806 199 1227 255 POMPONIVS
1264 199 1752 256 BONONIENSIS
2110 200 2242 266 299

357 361 574 416 Νο111113
615 367 734 429 146,
775 366 842 414 22
883 360 1343 429 ‘oquiniscere
1382 363 1469 414 est
1503 361 1726 431 proprie
1764 362 2064 418 inclinari.’

362 475 388 521 1
431 471 494 522 at
529 469 769 523 Bothius
874 466 1139 538 pedicaui
1174 489 1243 523 co:
1281 469 1350 535 cf.
1382 468 1508 522 Bue
1544 485 1678 522 mus.
1710 469 1884 524 Rhen.
1918 475 2001 539 18,
2033 476 2136 524 386

206 548 240 594 2
284 539 462 609 ipsius
499 541 578 595 W
713 538 974 606 ultroque
1011 540 1074 592 E
1087 539 1266 593 F¹H¹

1197 744 1259 801 Π

207 845 292 912 Si
330 845 604 924 ualebit,
657 845 804 929 puls
849 844 1231 925 inbuccam
1278 845 1481 910 betet:
1532 846 1624 910 sic
1671 840 1849 911 dixin
1896 846 2196 911 schema?
2245 868 2348 919 150

354 966 574 1021 Nonius
622 972 752 1034 224,
792 972 859 1020 33
911 966 1204 1020 ‘schema
1259 966 1530 1021 feminino
1575 985 1780 1037 genere
1827 969 1941 1024 dici
1986 971 2242 1022 ueterum

205 1041 450 1108 usurpat
487 1036 795 1092 auctoritas
837 1081 847 1092 .
883 1082 893 1092 .
926 1081 938 1094 .
976 1032 1316 1107 Pomponius
1357 1038 1704 1095 Prostibulo:
1746 1039 1824 1093 si’
1858 1057 1904 1094 e.
1936 1058 1987 1108 q.
2019 1059 2060 1095 3.

356 1145 576 1200 ualebit
629 1145 756 1214 plus
804 1166 846 1198 ω
902 1144 1121 1198 ualebit
1169 1144 1322 1214 pule,
1372 1146 1682 1201 Palmerius
1896 1147 2055 1201 betet
2100 1148 2243 1202 idem

209 1219 372 1271 uetet
409 1238 452 1270 ω
499 1218 685 1270 uertet
723 1216 1017 1271 Fruterius
1196 1215 1275 1270 313
1320 1216 1512 1271 dixin?
1548 1220 1747 1286 scripsi
1792 1216 1840 1272 31
1882 1217 2035 1271 dicin
2071 1239 2113 1272 ω
2161 1217 2242 1270 313

208 1288 382 1342 dicin’
423 1289 526 1357 (vel
563 1287 767 1357 dicam)
805 1289 1042 1343 Bothius
1079 1287 1320 1342 siticinis
1364 1288 1573 1343 Onio‘ns
1707 1287 1755 1341 si
1792 1306 1846 1344 11.
1884 1289 2067 1358 pulsu,
2105 1290 2241 1343 buc-

209 1377 337 1414 cam
394 1359 581 1428 pultet
634 1358 876 1412 fidicinis
929 1376 972 1414 3.
1018 1360 1144 1413 Bue
1188 1361 1277 1429 (cf.
1328 1377 1459 1413 ami.
1491 1360 1705 1428 philoll.
1749 1365 1884 1413 1872
1934 1379 1993 1429 p.
2035 1366 2137 1414 566
2193 1367 2243 1415 et

207 1432 394 1487 coroll.
434 1429 680 1498 LXXXI)

1177 1581 1271 1638 ΠΙ

203 1682 373 1769 'Ego
413 1682 586 1767 quod
624 1682 939 1746 comedim
978 1683 1233 1766 quaem,
1279 1682 1383 1745 his
1421 1686 1737 1766 quaerunt
1775 1683 1948 1766 qu6d
1994 1686 2240 1747 cacent:

1492 1789 1967 1854 contrariumst.

352 1910 570 1965 Nonius
610 1916 703 1980 84,
736 1916 763 1963 1
818 1910 1168 1966 ‘comedim
1212 1929 1313 1980 pro
1362 1911 1653 1965 comedam
1702 1956 1714 1967 .
1745 1956 1756 1967 .
1791 1957 1803 1968 .
1836 1956 1847 1968 .
1895 1911 2237 1981 Pomponius

202 1982 559 2039 Prostibulo:
599 1983 725 2053 ego’
758 1998 803 2037 e.
834 1999 886 2051 q.
919 2000 959 2038 3.

354 2106 459 2160 ego
498 2090 650 2158 quod
687 2090 964 2144 comedim
1000 2106 1209 2158 quaero
1245 2091 1444 2161 scripsi
1489 2108 1594 2162 ego
1642 2107 1850 2159 quaero
1899 2091 2051 2159 quod
2089 2090 2241 2145 edim

201 2184 271 2230 ω,
301 2162 499 2231 quibus
524 2163 752 2218 servatis
778 2163 907 2217 olim
933 2162 1097 2216 initio
1125 2179 1173 2215 v.
1201 2179 1336 2215 nam
1362 2164 1608 2232 suppleri
1634 2164 1889 2231 volebam,
1921 2164 2014 2216 sed
2048 2164 2240 2216 lemma

204 2232 490 2288 comedim
535 2240 669 2287 recte
716 2234 931 2288 videtur
964 2234 1261 2287 restituisse
1298 2233 1598 2301 Mwnkius,
1646 2250 1973 2303 quamquam
2017 2234 2241 2299 defendi

198 2321 363 2376 posse
409 2305 675 2359 librorum
709 2306 1020 2359 memoriam
1057 2305 1237 2358 coroll.
1275 2303 1500 2358 LXXXI
1526 2322 1600 2375 sq.
1639 2306 2005 2359 demonstravi
2146 2301 2236 2355 1113

209 2379 268 2446 (i.
299 2394 341 2430 e.
372 2375 455 2444 hi)
491 2377 690 2445 scripsi
725 2377 814 2446 (cf.
853 2393 901 2429 v.
934 2379 1057 2445 141)
1096 2375 1199 2428 has
1237 2396 1279 2428 ω
1327 2375 1388 2428 hi
1426 2375 1473 2429 si
1509 2377 1633 2430 Bue
1678 2374 1866 2429 heisce
1901 2392 1942 2429 x
2085 2375 2249 2442 quod.

203 2449 361 2504 edds
397 2449 466 2514 cf.
502 2448 643 2503 Nov.
676 2453 707 2500 6
745 2464 884 2514 quos
923 2468 965 2500 ω
1111 2446 1453 2500 contrarium
1490 2449 1578 2500 est
1613 2447 1888 2501 Mwnkius
1924 2445 2238 2500 contrarius

204 2522 299 2573 est
337 2540 381 2572 ω

1183 2669 1269 2727 IV

208 2769 377 2856 'Ego
407 2791 731 2834 rumorem
760 2770 947 2853 parui
977 2770 1161 2855 facio,
1200 2770 1353 2834 dum
1390 2771 1476 2834 sit
1510 2793 1738 2835 rumen
1769 2771 1880 2856 qui
1917 2769 2239 2854 impleam.

356 2890 576 2945 Nonius
617 2891 699 2961 18,
736 2897 801 2945 15
843 2892 1105 2945 ‘rumen
1143 2890 1351 2946 dicitur
1387 2891 1543 2944 locus
1582 2890 1642 2943 in
1678 2894 1890 2959 uentre,
1928 2908 2039 2960 quo
2078 2891 2239 2945 cibus

209 2962 456 3029 sumitur
493 2965 551 3017 et
586 2962 736 3016 unde
773 2963 1049 3031 redditur3
1090 2963 1238 3017 unde
1276 2966 1335 3017 et
1369 2961 1652 3016 ruminare
1690 2962 1935 3017 dicitur.’

1201 3185 1257 3241 V

219 3287 544 3353 Continuo
584 3287 663 3351 ad
710 3291 772 3351 te
819 3286 1230 3351 centuriatim
1267 3289 1524 3350 current
1571 3286 1682 3369 qui
1727 3288 1958 3371 panem
2003 3289 2241 3371 petent.

362 3408 580 3464 Nonius
620 3414 704 3477 18,
745 3414 811 3462 12
862 3406 1335 3463 ‘centuriatim
1389 3407 1604 3461 dictum
1652 3410 1738 3461 est
1783 3408 2140 3462 abundanter
2184 3410 2245 3462 et

218 3480 471 3551 copiose:
517 3497 550 3534 a
589 3479 870 3549 centuriiS,
909 3496 1055 3548 quae
1094 3478 1422 3549 suffragium
1457 3478 1518 3532 in
1555 3478 1799 3533 comitiis
1835 3479 2131 3533 ferebant.'

360 3590 565 3657 petunt
601 3588 790 3642 Vrbi‘n.
819 3592 922 3641 307
