2610 4007
359 162 491 225 222
1136 160 1196 215 L.
1231 159 1481 212 AFRAN
1483 158 1597 213 IVS

501 320 718 376 Nonius
757 326 877 388 397,
908 326 974 373 22
1018 321 1304 373 ‘sacrum
1351 318 1525 372 etiam
1572 318 1869 372 scelestum
1915 322 1973 373 et
2014 320 2391 391 detestabileg

358 394 581 533 {¹32ng
611 393 1010 446 consecratum.
1091 390 1356 444 Afranius
1404 388 1790 445 Fratribus,
1838 390 1901 444 o’
1948 407 1993 445 e
2034 409 2086 459 q.
2127 409 2168 446 e.
2216 396 2390 462 (corr.

504 587 751 623 scurram
786 570 914 624 Αἶά.
955 585 1270 622 succurram
1307 569 1410 639 (vel
1445 570 1754 637 succuram)
1792 588 1834 621 ω

1299 719 1440 776 XIX

360 821 556 886 Proin
604 825 704 906 1:11,
751 843 896 885 eum
943 842 1269 905 quaeram,
1315 821 1397 884 ne
1442 819 1763 904 requiram
1809 821 1875 883 te
1919 819 2084 885 uide.

502 942 719 997 Nonius
749 947 869 1011 434,
893 948 958 996 14
990 943 1344 1010 ‘quaerere
1383 943 1440 994 et
1476 940 1825 1009 requirere
1862 942 1968 996 hoe
1999 941 2200 1011 differt,
2239 959 2389 1011 quo-

360 1013 514 1067 niam
540 1013 820 1082 requirere
849 1016 935 1067 est
963 1013 1060 1066 diu
1089 1028 1371 1081 quaerere.
1423 1011 1687 1066 Afranius
1715 1012 1953 1069 Fratris:
1981 1012 2164 1082 proin'
2189 1030 2235 1068 e.
2259 1031 2313 1082 q.
2337 1032 2387 1070 ε.

505 1137 630 1173 cum
665 1137 758 1174 ms.
796 1119 975 1175 Fabri
1008 1122 1130 1173 tum
1167 1141 1208 1189 φ

1315 1251 1424 1309 XX

426 1406 440 1418 .
488 1406 501 1418 .
551 1376 782 1438 aquam
828 1353 1219 1437 (umquam)
1267 1374 1346 1416 ex
1392 1373 1546 1417 ceno
1592 1352 1876 1438 haurire,
1932 1355 2043 1438 qui
2088 1353 2388 1419 lausi-ent

1527 1481 1769 1523 manus.

503 1582 722 1636 Nonius
760 1586 880 1649 504,
912 1586 976 1634 17
1015 1579 1278 1634 ‘lauere
1318 1579 1489 1634 etiam
1525 1579 1657 1634 inde
1694 1581 1952 1635 manauit
2110 1582 2385 1637 Afranius

362 1653 598 1709 Fratris:
640 1653 863 1721 aquam'
904 1667 951 1707 e.
981 1669 1032 1719 q.
1064 1669 1105 1707 s.

507 1760 743 1829 Empleri
789 1776 945 1827 posse
989 1761 1311 1813 sententiam
1354 1760 1431 1813 sic
1479 1760 1592 1825 fere
1637 1761 1710 1813 an
1755 1758 1952 1812 uidisti
2005 1776 2209 1828 aquam
2256 1777 2388 1813 um-

366 1847 536 1899 quam
583 1847 651 1884 ex
695 1846 867 1883 caeno
905 1829 958 1884 h.
996 1847 1038 1884 e.
1078 1848 1125 1899 q.
1163 1847 1204 1884 8.
1242 1832 1433 1884 monwi
1477 1832 1540 1884 in
1580 1831 1761 1885 coroll.
1799 1830 1945 1883 LXX
2086 1846 2257 1885 coeno
2297 1834 2387 1886 ed.

369 1906 502 1954 1511
535 1900 656 1955 sino
686 1901 759 1954 M
771 1901 892 1969 ΟΡ,
922 1900 1165 1972 Scaliyer
1192 1916 1326 1954 seno
1357 1921 1399 1970 φ
1531 1918 1625 1955 exs
1656 1904 1795 1955 aeno
1825 1902 1949 1955 Bae
2072 1901 2193 1973 qui]
2222 1919 2300 1969 qu
2333 1902 2396 1955 P

1303 2069 1444 2128 XXI

265 2171 392 2239 187¹
414 2221 954 2236 ......
1044 2171 1279 2236 labella
1324 2171 1593 2236 balineis

509 2293 725 2348 Nonius
761 2298 879 2362 544,
909 2299 974 2346 31
1010 2291 1261 2346 ‘lineas
1299 2291 1499 2361 (lenis
1536 2291 1772 2361 Junius),
1810 2291 1934 2345 uasi
1971 2308 2159 2362 genus
2216 2291 2386 2346 Afra.-

369 2364 494 2418 nius
540 2363 923 2419 Fratribus:
979 2363 1244 2418 labella
1295 2363 1489 2418 lenis.
1571 2362 1840 2417 Laberius
1886 2362 1945 2415 in
1992 2362 2207 2419 Cofino:
2258 2409 2268 2419 .
2313 2409 2325 2418 .
2372 2408 2385 2419 .

369 2435 580 2490 labella
616 2435 773 2489 lenis
781 2436 796 2462 ’
866 2434 944 2489 cf
975 2435 1163 2489 coi-‚011
1192 2434 1381 2489 LXXI.

511 2541 749 2596 balineis
804 2543 1000 2610 scripsi
1053 2543 1143 2612 (cf.
1182 2542 1388 2597 Laberi
1436 2558 1481 2594 v.
1522 2542 1611 2610 38)
1667 2539 1808 2594 lenis
1865 2539 2045 2610 (lenes
2095 2540 2384 2610 OLP)m

369 2612 534 2667 lineis
573 2614 793 2668 Nonius
830 2615 1011 2684 leyisse
1046 2614 1260 2668 videtur

1285 2757 1472 2820 IDA‘?

371 2882 681 2949 Nostrum
719 2880 788 2945 111
826 2884 1211 2946 conuentum
1249 2885 1360 2946 aut
1403 2883 1791 2966 e6nsessum,
1838 2881 2059 2945 ludum
2104 2879 2386 2963 lapsum-

1537 3009 1657 3071 que
1701 2988 2028 3072 petuleum

516 3055 713 3164 Festus
740 3128 795 3179 p
816 3116 918 3165 206
948 3110 1021 3164 M.
1056 3110 1396 3179 ‘petulantes
1427 3112 1484 3163 et
1517 3108 1780 3179 petulci
1809 3108 1981 3163 etiam
2009 3108 2385 3189 appellantur,

373 3182 470 3250 qui
506 3184 768 3252 proteruo
803 3181 1017 3250 impetu
1052 3183 1109 3234 et
1146 3198 1203 3234 cl
1205 3182 1337 3236 ebro
1374 3183 1576 3250 petunt
1611 3179 1873 3235 laedendi
1911 3180 2139 3234 alterius
2178 3179 2385 3250 gratia.

372 3253 655 3325 Vergilius
685 3285 753 3292 —
782 3256 841 3306 et
866 3251 1128 3305 Afranius
1165 3252 1225 3305 in
1262 3253 1405 3308 Ida:
1441 3252 1713 3306 nostrum’
1747 3269 1791 3306 e.
1822 3269 1874 3319 q.
1905 3269 1946 3306 s.
1986 3251 2189 3320 (Idam
2223 3250 2385 3320 puel—

373 3325 489 3377 lam
524 3327 714 3378 tuetur
747 3322 1001 3377 Hertzius
1041 3323 1247 3378 annal]
1275 3323 1494 3393 philoll.
1527 3329 1664 3378 1870
1699 3341 1753 3392 p.
1777 3328 1895 3391 760,
1934 3321 2030 3390 qui
2067 3321 2203 3376 olim
2237 3339 2380 3377 mus.

373 3395 549 3450 Rhen.
581 3402 630 3464 3,
661 3400 760 3448 621
799 3395 968 3462 Icta,
1015 3393 1051 3448 i
1086 3410 1129 3448 e.
1167 3395 1648 3449 Iureeonsulta
1685 3393 2014 3447 coniecerat
2087 3393 2194 3446 Ira
2231 3409 2386 3446 com-

373 3469 574 3535 parata
610 3465 903 3519 Menandri
939 3438 1135 3519 fabula
1173 3463 1300 3536 ’γΟρ
1303 3465 1341 3533 ή
1380 3464 1767 3519 Neukirehius.
1845 3464 2075 3518 Servavi
2110 3463 2385 3517 librorum

376 3536 724 3604 scripturam,
764 3553 888 3589 eum
925 3536 1205 3590 adfirmari
1241 3488 1325 3589 nil
1360 3536 1577 3607 possit.)
