2610 4007
338 163 373 226 7
380 163 425 227 4
992 160 1365 217 CAECILIVS
1403 162 1705 218 STATIVS

349 325 469 391 Cui
514 325 776 390 f6rtuna
822 329 889 390 et
932 347 1033 389 res
1079 326 1251 389 mida
1295 329 1419 411 est,
1464 326 1768 391 continuo
1814 328 2008 409 patet.

335 431 506 498 Nam
554 432 858 516 opulento
905 431 1142 496 famam
1188 431 1375 497 facile
1423 432 1702 497 occultat
1744 431 1958 496 factiO.

487 552 704 607 Gellius
740 554 793 606 H
830 560 923 622 23,
966 558 1033 606 14
1082 553 1243 621 ‘quid
1293 554 1364 607 de
1415 553 1515 607 illo
1566 568 1788 622 quoque
1837 552 1962 606 loco
2010 551 2071 605 in
2121 556 2359 621 utraque

338 624 635 678 comoedia
681 624 867 694 posito
916 623 1225 678 existimari
1263 625 1471 679 debeat
1506 623 1869 678 manifestum
1904 626 2016 692 est,
2054 623 2211 677 cuius
2248 623 2362 678 loci

342 696 483 749 haec
521 695 1030 750 ferme'sententia.
1105 695 1291 749 Filia
1328 695 1622 749 hominis
1663 694 1987 764 pauperis
2024 694 2094 748 in
2129 694 2361 764 perui-

339 766 515 836 gilio
553 765 817 820 uitiata
854 769 972 820 est.
1048 766 1141 820 Ea
1176 783 1283 820 res
1323 767 1496 821 clam
1532 769 1795 848 patrem
1831 765 1993 834 fuit3
2047 768 2115 819 et
2151 766 2363 819 habe·

334 838 540 891 batur
591 854 711 906 pro
769 836 1057 906 uirgine.
1149 838 1241 891 Ex
1296 855 1372 892 eo
1428 838 1604 891 uitio
1660 836 1952 907 grauida
2005 837 2363 891 mensibus

335 907 605 963 exactis
650 908 972 976 parturit.
1050 908 1299 963 Seruus
1346 909 1567 963 bonae
1603 907 1813 977 frugi,
1852 925 1996 961 cum
2031 925 2149 989 pro
2186 907 2361 962 fori-

333 981 458 1033 bus
497 979 730 1033 domus
771 981 991 1033 staret
1029 982 1096 1033 et
1130 980 1596 1050 propinquare
1640 981 1912 1049 partum
1958 979 2120 1032 erili
2157 978 2364 1033 filiae

341 1053 547 1118 atque
594 1049 863 1104 omnino
915 1050 1163 1104 uitium
1200 1067 1348 1105 esse
1387 1051 1694 1105 oblatum
1730 1049 2112 1118 ignoraret,
2149 1049 2364 1120 gemi-

339 1124 480 1176 tum
508 1123 575 1175 et
599 1120 947 1190 ploratum
975 1122 1172 1175 audit
1196 1122 1478 1192 puellae
1506 1122 1574 1176 in
1601 1120 1963 1191 puerperio
1994 1121 2361 1176 enitentis:

338 1191 540 1246 timet
576 1190 912 1246 irascitur
948 1193 1348 1262 suspicatur
1384 1193 1748 1247 miseretur
1785 1191 1991 1246 dolet.
2056 1192 2132 1246 Hi
2167 1208 2361 1247 omnes

337 1266 526 1316 motus
574 1262 693 1316 eius
742 1263 1178 1332 affectionesque
1225 1264 1400 1318 animi
1445 1264 1506 1318 in
1543 1264 1757 1318 Graeca
1803 1263 2031 1331 quidem
2069 1263 2363 1318 comoedia

335 1333 677 1388 mirabiliter
713 1351 869 1388 acres
907 1337 965 1389 et
1000 1333 1265 1404 illustres,
1305 1336 1485 1404 apud
1523 1333 1900 1389 Caecilium
1936 1337 2126 1389 autem
2159 1334 2363 1404 pigra

337 1404 559 1459 istaec
589 1405 815 1460 omnia
844 1409 911 1460 et
941 1423 975 1460 a
1002 1422 1221 1460 rerum
1250 1406 1602 1476 dignitate
1634 1409 1840 1474 atque
1876 1405 2107 1475 gratia
2144 1422 2364 1459 uacua

337 1478 510 1531 sunt.
583 1477 748 1530 Post
801 1476 918 1530 ubi
972 1476 1149 1531 idem
1205 1494 1444 1531 seruus
1497 1477 1968 1546 percontando
2025 1477 2206 1544 quod
2253 1493 2362 1530 ac-

335 1547 603 1601 ciderat
640 1548 972 1618 repperit,
1012 1549 1115 1602 has
1153 1549 1305 1618 apud
1343 1548 1714 1602 Menandrum
1749 1564 1915 1601 uoces
1945 1547 2085 1601 facit
2114 1551 2240 1618 (404
2268 1547 2359 1616 Κ.)

653 1615 696 1673 ὦ
732 1621 850 1687 τρὶς
885 1621 1274 1689 κακοδαίμων·
1316 1618 1463 1682 ὅστις
1500 1618 1577 1674 ὢν
1612 1617 1789 1688 πένης
1828 1627 1998 1689 γαμεῖ

658 1691 755 1744 καὶ
791 1689 1207 1746 παιδοποιεῦθ’.
1247 1692 1320 1753 ὡς
1356 1687 1641 1760 ἀλόγιστός
1679 1688 1785 1744 ἐστ’
1833 1689 2006 1759 ἀνήρ,

660 1759 733 1851 ὃς,
758 1761 892 1853 ξήξε
931 1762 1190 1853 φυλαξὴν
1227 1771 1339 1816 τῶν
1377 1759 1703 1851 ἀγαγκαζων
1741 1760 1881 1885 Exsul

657 1833 1851 1992 ‘ssszffiffffitvffizaffi0zss0’‘222222‘22‘³
1878 1851 1945 1887 ⁰''

656 1972 755 2027 ἀλλ
827 1973 887 2029 ἐν
925 1974 1224 2049 ἀκαλύπτῳ
1262 1975 1360 2029 καὶ
1395 1976 1725 2047 ταλαιπώρῳ
1766 1970 1865 2046 βίῳ

656 2045 1486 2186 ἔξιίἒξῖζεὲξτςάξὲὦνῖωτέἴὲέ
1507 2048 1769 2187 ἀέξὲἓὲἴι
1795 2045 1974 2171 ἰὲὐῗῖἷν
2012 2113 2178 2186 μέρος
2192 2134 2203 2144 ·

660 2186 802 2255 ὑπὲρ
840 2187 946 2257 γὰρ
987 2187 1109 2251 ἑνὸς
1145 2190 1330 2258 ἀλγῶν
1368 2186 1624 2250 ἅπαντας
1665 2191 1936 2243 νουθετῶ.

344 2257 434 2311 Ad
453 2257 651 2311 horum
671 2260 861 2312 autem
880 2258 1261 2313 sinceritatem
1289 2259 1698 2327 ueritatemque
1729 2258 2025 2312 uerborum
2055 2274 2127 2311 an
2150 2256 2363 2325 aspira-

346 2328 494 2382 uerit
540 2327 816 2382 Caecilius
864 2329 1293 2385 consideremus.
1367 2331 1574 2384 Versus
1622 2331 1752 2384 sunt
1796 2329 1858 2382 hi
1904 2328 2113 2384 Caecili
2163 2332 2363 2384 trunca

347 2399 627 2467 quaedam
674 2417 741 2453 ex
787 2400 1095 2456 Menandro
1137 2400 1379 2455 dicentis
1417 2403 1474 2455 et
1510 2399 1910 2458 consarcientis
1948 2400 2123 2453 uerba
2158 2399 2364 2469 tragici

344 2470 611 2526 tumoris:
667 2470 724 2524 is
782 2471 1070 2525 demum’
1112 2489 1157 2525 e.
1196 2490 1248 2540 q.
1290 2490 1332 2526 s.
1411 2472 1655 2540 ‘Itaque,
1711 2475 1776 2524 ut
1822 2488 1990 2540 supra
2035 2470 2179 2539 dixi,
2237 2487 2365 2524 cum

345 2542 485 2596 haec
524 2540 732 2595 Caecili
771 2559 1020 2596 seorsum
1055 2543 1200 2612 lego,
1238 2559 1309 2596 ne
1346 2542 1604 2611 utiquam
1640 2542 1904 2596 uidentur
1939 2542 2166 2611 ingrata
2201 2540 2364 2611 igna-

345 2629 554 2681 uaque;
612 2629 738 2666 cum
790 2617 978 2667 autem
1030 2613 1244 2668 Graeca
1296 2630 1557 2683 comparo
1610 2616 1667 2667 et
1718 2612 2019 2681 contendo,
2072 2629 2186 2665 non
2222 2615 2362 2681 puto

347 2683 652 2738 Caecilium
680 2684 839 2752 sequi
868 2683 1128 2738 debuisse
1157 2685 1308 2752 quod
1331 2684 1553 2752 assequi
1571 2683 1868 2752 nequiret.’
1913 2682 2130 2737 Nonius
2151 2688 2273 2751 304,
2294 2689 2362 2737 28

349 2754 595 2809 ‘factio
640 2754 844 2809 iterum
882 2755 1162 2825 significat
1199 2756 1572 2825 opulentiam,
1618 2754 2029 2809 abundantiam
2065 2758 2123 2808 et
2157 2754 2362 2807 nobili-

344 2829 608 2880 tatem..
641 2872 652 2882 .
683 2825 1028 2880 Caecilius
1057 2826 1542 2881 Filiuminalta
1580 2843 1814 2880 eorum
1850 2825 2096 2879 famam
2134 2826 2363 2879 occul-

343 2897 543 2951 tabat
592 2897 853 2952 facti0.'
930 2897 1009 2952 Cf.
1048 2897 1287 2953 Philum.
1326 2898 1393 2951 II.
1466 2897 1656 2952 Facile
1693 2896 1801 2960 tibi
1837 2897 2178 2965 persuadeas
2216 2895 2365 2950 exci-

343 2967 492 3022 disse
537 2967 901 3024 Philumenae
947 2968 1133 3023 locum
1178 2972 1237 3022 et
1290 2986 1514 3024 versum
1566 2975 1601 3022 4
1655 2967 1716 3020 in
1769 2967 1858 3021 his
1907 2968 2111 3036 latere3
2166 2970 2365 3022 contra

348 3038 522 3092 sentit
559 3038 864 3093 Grauertus
900 3039 1064 3095 Anal.
1105 3045 1222 3094 110.

488 3152 514 3198 1
555 3144 962 3200 infortunatust
997 3145 1316 3216 Spenyelius
1352 3147 1438 3200 est
1474 3144 1856 3200 infortunatus
1894 3166 1936 3199 ω
1974 3143 2361 3200 infortunatus

343 3218 431 3270 est
465 3219 582 3271 edd.
620 3224 740 3271 vett.
886 3215 1051 3271 homo
1089 3218 1325 3286 Pauper,
1364 3215 1462 3285 qui
1496 3219 1657 3288 vulqo
1820 3222 1852 3270 2
1892 3218 2145 3285 egestate
2183 3233 2217 3275 ς

345 3293 376 3340 3
415 3290 479 3340 ut
507 3291 593 3341 est
622 3289 741 3342 Vat.
771 3288 904 3359 Rey.
926 3288 1092 3356 Rau„
1122 3290 1349 3344 correxi.
1387 3290 1475 3342 est
1501 3290 1568 3341 ut
1597 3305 1628 3345 ς
1657 3290 1721 3341 ut
1749 3288 1813 3340 ut
1841 3290 1928 3340 est
1955 3289 2084 3342 olim
2110 3289 2366 3342 dederam

450 3361 615 3462 pata}
652 3394 801 3449 Rott.
920 3399 954 3445 4
990 3392 1196 3448 famem
1232 3394 1382 3450 Rott.
1499 3393 1727 3447 facilem
1763 3394 1911 3449 Rott.
1962 3394 2082 3449 Vnt,
2121 3394 2254 3464 Rey.

346 3465 459 3520 Hic
510 3465 808 3520 versiculus
862 3466 1015 3533 apud
1068 3466 1317 3520 Nonium
1354 3470 1475 3532 304,
1514 3471 1581 3518 28
1632 3467 1849 3520 videtur
1892 3466 2079 3533 latere,
2127 3467 2226 3520 ubi
2280 3464 2368 3518 ita

345 3552 537 3589 eorum
572 3535 783 3590 famam
820 3534 1145 3590 occultabat
1181 3535 1370 3591 facti0.
1447 3537 1581 3591 Vide
1616 3553 1788 3605 supra
