2610 4007
951 235 1011 290 L.
1044 234 1372 290 AFRANIV
1376 235 1412 289 S
2059 233 2187 299 261

1140 403 1228 462 1x
1428 371 1431 374 ’
2065 428 2097 453 ,,

180 503 494 569 Inscribat
541 504 775 589 aliquis
823 504 1003 569 ‘arse
1027 505 1234 568 uerse’
1280 505 1351 569 in
1395 505 1579 569 ostio.
2193 519 2300 568 415

311 625 480 680 Pauli
509 624 710 680 Festus
735 643 791 695 p.
815 631 881 678 18
909 626 983 680 M.
1017 626 1396 679 ‘arseuerse
1432 628 1626 680 auerte
1662 625 1854 695 ignem
1890 623 2191 695 significat.

178 697 483 751 Tuscorum
521 695 672 751 enim
706 696 910 766 lingua⁴
937 712 1062 751 arse
1091 699 1298 764 auerte,
1336 713 1496 751 uerse
1532 696 1723 766 ignem
1750 698 1976 751 constat
2003 713 2076 765 ap
2117 695 2199 757 e1·‚

177 768 296 822 lari.
372 768 526 822 unde
567 767 832 821 Afranius
880 767 986 823 ait:
1034 767 1335 822 inscribat’
1376 784 1421 824 e.
1452 786 1505 836 q.
1537 786 1578 822 s.
1649 766 1915 822 Placidus
1960 766 2020 820 in
2110 765 2197 822 Gl.

179 839 226 893 V
260 846 287 893 7
330 838 395 894 G.
439 841 569 893 ‘ars
583 855 820 893 euerse
855 838 1252 908 prouerbium.’
1327 839 1409 893 De
1444 838 1709 893 lucendio
1748 837 2101 909 cogitaveris,

323 961 614 1000 arseuorse
645 943 707 998 in
736 945 882 999 ostio
911 945 1156 1018 Scaliger
1178 945 1241 999 in
1269 944 1414 1000 ostio
1443 962 1727 1001 arseuerse
1754 945 1995 1001 Paulus:
2023 951 2202 1016 potest

176 1033 284 1072 esse
319 1017 618 1086 septenarii
652 1019 815 1072 iamb.
854 1019 1032 1072 exitus

860 1246 863 1247 ⁷
1152 1167 1207 1225 X

174 1266 318 1354 Ego
355 1288 459 1331 me
497 1269 632 1332 esse
668 1267 940 1332 stultum
978 1267 1294 1353 existimO,
1330 1267 1582 1331 fatuum
1616 1269 1751 1332 esse
1782 1289 1913 1332 non
1947 1267 2196 1352 opinor.

314 1387 563 1442 Isidorus
602 1388 778 1443 differ.
809 1395 914 1444 500
955 1388 1208 1456 ‘quidam
1243 1391 1500 1443 ueterum
1544 1389 1808 1443 fatuum
1848 1387 2194 1459 existimant,

176 1458 271 1526 qui
303 1475 409 1513 nec
437 1459 589 1527 quod
624 1460 778 1515 fatur
811 1459 949 1531 ipse,
986 1476 1090 1514 nec
1127 1460 1277 1528 quod
1317 1459 1417 1514 alii
1454 1459 1667 1527 dicunt,
1704 1458 2016 1529 intelligat3
2056 1460 2196 1514 stul-

180 1533 302 1583 tum
337 1547 471 1584 uero
509 1530 857 1586 hebetiorem
892 1531 1074 1585 corde.
1147 1531 1296 1585 unde
1333 1530 1623 1586 Afranius:
1663 1547 1810 1600 ego,
1847 1529 2059 1600 inquit,
2096 1546 2196 1584 me

183 1600 471 1655 stultum
517 1643 528 1654 .
561 1645 572 1656 .
606 1645 617 1656 .
667 1602 933 1672 opinor:
979 1601 1040 1655 id
1087 1604 1174 1656 est
1218 1602 1435 1656 obtusis
1482 1601 1711 1670 quidem
1757 1600 2037 1671 sensibus,
2083 1618 2199 1655 non

174 1675 364 1726 tamen
409 1671 621 1728 nullis.’
709 1672 858 1744 Orig.
897 1673 949 1727 X
994 1679 1099 1727 246
1150 1673 1443 1727 ‘stultus
1497 1672 1755 1728 hebetior
1804 1672 1994 1741 corde,
2052 1671 2199 1726 sicut

175 1742 407 1810 quidam
452 1742 561 1799 ait:
608 1745 736 1812 ego’
779 1760 826 1798 e.
856 1762 909 1813 q.
940 1762 981 1798 s.
1059 1743 1150 1797 ‘id
1197 1747 1284 1798 est
1330 1744 1588 1799 obtunsis
1641 1743 1868 1812 quidem
1923 1742 2197 1813 sensibus,

173 1829 285 1866 non
321 1816 514 1868 tamen
549 1813 763 1869 nullis.’

315 1935 437 1974 esse
467 1922 633 1990 prius
659 1937 760 1975 om.
781 1922 993 1977 Isidori
1019 1923 1158 1989 diffi,
1197 1922 1424 1978 Monac.
1454 1924 1643 1994 oriyy„
1678 1924 1826 1977 wude
1861 1936 1966 1992 ego
1993 1926 2201 1976 memet

175 1991 492 2064 Spmqeliws
588 1991 858 2067 exestimo
887 1992 1071 2049 Paris.
1092 1996 1229 2047 7582
1257 1995 1428 2067 θήῃς.
1530 1992 1705 2063 opino
1735 1994 1999 2062 Wolfenb.
2028 1995 2197 2067 origg.

1143 2170 1230 2229 XI

176 2268 411 2335 Nescio
461 2269 572 2354 qui
616 2270 823 2335 nostri
866 2268 1223 2335 miseritust
1269 2272 1525 2336 tandem
1572 2272 1742 2336 deus.

319 2389 537 2446 Gellius
573 2390 676 2445 XX
712 2397 761 2460 6,
791 2397 823 2446 5
865 2390 1123 2446 ‘inuenio
1172 2436 1228 2448 ..
1274 2409 1390 2446 non
1437 2392 1633 2462 paucis
1677 2391 1740 2446 in
1784 2392 1924 2447 locis
1968 2392 2196 2447 nostri

178 2464 347 2530 atque
393 2461 570 2516 uestri
611 2461 852 2531 dictum3
896 2480 1012 2517 non
1046 2466 1301 2517 nostrum
1337 2466 1438 2518 aut
1472 2466 1725 2518 uestrum
1762 2508 1772 2518 .
1805 2507 1815 2519 .
1848 2508 1859 2519 .
1900 2463 2194 2520 Terentius

176 2531 234 2586 in
259 2532 599 2587 Phormione
638 2576 650 2587 .
684 2577 696 2589 .
727 2577 739 2588 .
777 2533 956 2587 nostri
991 2537 1212 2589 nosmet
1246 2534 1514 2604 paenitet.
1580 2534 1844 2588 Afranius
1871 2533 1933 2588 in
1967 2536 2193 2605 togata:

176 2603 388 2658 nescio’
430 2620 477 2658 e.
507 2621 560 2673 q.
590 2621 632 2659 s.
710 2605 791 2659 ‘et
824 2604 1095 2659 Laberius
1140 2605 1202 2660 in
1235 2605 1648 2675 Necyomantia
1685 2649 1697 2661 .
1732 2650 1743 2661 .
1777 2649 1787 2660 .
1825 2605 2006 2661 nostri
2052 2604 2197 2660 obli-

173 2677 262 2728 tus
308 2678 410 2731 est.
495 2673 729 2729 dubium
772 2692 961 2746 porro,
1017 2675 1228 2745 inquit,
1282 2693 1398 2731 non
1444 2680 1555 2747 est,
1609 2676 1749 2745 quin
1801 2676 2003 2732 eodem
2051 2676 2197 2732 haec

176 2745 364 2800 omnia
413 2762 548 2800 casu
596 2746 882 2803 dicantur:
935 2747 1116 2801 nostri
1162 2747 1376 2803 oblitus
1421 2751 1533 2815 est,
1588 2746 1812 2803 nostri
1866 2748 2206 2803 misertus.

178 2821 304 2884 est,
351 2834 463 2884 quo
510 2816 719 2871 dicitur
761 2817 874 2871 mei
917 2818 1196 2889 paenitet,
1247 2818 1359 2873 mei
1403 2818 1664 2873 misertus
1713 2820 1837 2874 est.'
1912 2818 2061 2873 insta
2100 2825 2195 2875 11:

182 2888 300 2941 ‘cur
332 2887 513 2958 igitur
539 2888 833 2943 Terentius
869 2889 1124 2957 paenitet
1157 2889 1353 2959 nostri,
1390 2907 1504 2944 non
1534 2893 1804 2959 nostrum,
1840 2892 1902 2945 et
1927 2889 2195 2944 Afranius

177 2958 401 3012 nostri
446 2958 799 3013 miseritus
847 2962 974 3029 est,
1019 2978 1134 3015 non
1168 2962 1489 3018 nostrum?'

314 3064 629 3120 miseritust
662 3067 860 3136 scripsi
892 3066 1174 3121 miseritus
1212 3088 1282 3137 ω,
1324 3069 1417 3123 sed
1450 3069 1573 3123 vide
1606 3084 1779 3137 supra
1819 3068 1990 3123 Gellii
2033 3068 2200 3124 verba

1125 3243 1242 3303 XII

180 3392 192 3404 .
240 3394 253 3406 .
298 3364 430 3407 non
473 3365 735 3427 possum
779 3345 1050 3409 uerbum
1094 3344 1328 3409 facere:
1375 3342 1700 3409 obbrutm'.

317 3463 482 3518 Pauli
519 3464 719 3520 Festus
762 3470 950 3534 p.187
987 3465 1061 3521 Μ.
1104 3464 1516 3534 ‘obbrutuit,
1564 3463 1883 3546 obstupuit,
1932 3482 1967 3519 a
2010 3465 2198 3533 brut0,

181 3535 334 3663 ἓξὲξ
367 3535 592 3662 εῃῖῗξιῗ
620 3553 746 3675 ἔτί·
763 3536 942 3605 graui,
979 3536 1262 3590 interdum
1295 3553 1400 3606 pro
1438 3536 1663 3605 stupido
1702 3536 1980 3590 dixerunt.
2035 3534 2198 3590 Afra-
