2610 4007
398 155 531 219 334
873 156 1169 210 INCERTI
1205 155 1513 209 NOMINIS
1549 156 1942 221 RELIQVIAE

542 314 840 369 Suetonius
886 314 1009 369 vita
1044 315 1258 369 Tiberii
1294 323 1364 369 45
1406 316 1576 369 ‘unde
1622 318 1780 370 nota’
1823 316 2046 397 (om-ora'
2079 315 2331 369 Rothius
2370 332 2437 369 ex

398 386 627 468 optimis
663 386 845 455 libris)
881 386 942 439 in
978 386 1377 440 Atellanico
1415 386 1660 441 exodio
1696 387 1964 456 proximis
2002 386 2154 439 ludis
2195 404 2436 441 assensu

397 458 642 512 maximo
707 461 941 526 excepta
1001 458 1375 527 percrebruit:
1448 458 1714 511 hircum
1781 458 2091 512 uetulum
2156 458 2435 527 capreis

396 533 715 583 naturam
760 528 1129 598 ligurrire.’

539 636 828 691 Sotadium
863 638 1069 702 notavi,
1105 638 1385 691 senarium
1420 635 1646 705 ligurrit
1680 638 1943 689 naturam
1977 636 2167 690 hircus
2204 636 2436 690 uetulus

402 706 629 776 capreis
667 709 792 762 Bue
819 709 1112 775 proposuit

1380 839 1436 894 V

385 939 686 1023 ‘Tyc'aws
734 940 965 1024 πάτερ,
1010 941 1271 1023 ὑγίαινε
1309 950 1511 1025 μῆτερ
1604 992 1616 1004 .
1711 992 1722 1004 .
1817 992 1828 1004 .

1216 1045 1254 1086 21:
1562 1047 1600 1087 ²12

1389 1091 1427 1131 &ie

488 1151 691 1218 Orcus
736 1152 926 1217 uobis
972 1152 1149 1216 ducit
1193 1153 1386 1236 pedes
1478 1205 1490 1216 .
1585 1206 1599 1217 .
1693 1206 1705 1217 .
1800 1205 1812 1216 .

540 1273 837 1327 Suetonius
865 1273 987 1327 vita
1014 1273 1252 1327 Neronis
1282 1280 1350 1327 39
1383 1274 1619 1327 ‘Datus
1648 1274 2128 1329 Atellanarum
2166 1276 2428 1331 histrio

395 1345 465 1398 in
502 1345 774 1399 cantico
814 1345 1104 1413 quodam
1138 1347 1414 1425 ὑγίαινε
1459 1345 1701 1413 πάτερ,
1748 1345 2019 1414 ὑγίαινε
2067 1356 2273 1416 μῆτερ
2320 1348 2428 1402 ita

397 1418 1018 1485 demonstrauerat,
1070 1419 1145 1470 ut
1189 1415 1545 1470 bibentem
1587 1420 2079 1485 natantemque
2125 1419 2428 1488 faceret

396 1488 609 1542 exitum
648 1487 865 1541 scilicet
902 1486 1102 1541 Claudi
1139 1486 1596 1556 Agrippinaeque
1636 1488 1984 1557 significans.
2033 1494 2092 1542 et
2134 1489 2195 1542 in
2231 1490 2427 1544 nouis-

396 1559 539 1613 sima
587 1559 865 1614 clausula·
924 1558 1133 1611 Orcus
1179 1559 1379 1612 uobis
1427 1558 1622 1612 ducit
1669 1560 1902 1629 pedeS,
1952 1564 2211 1614 senatum
2257 1566 2430 1630 gestu

394 1633 637 1684 notarat.
711 1629 1057 1683 Histrionem
1101 1632 1160 1682 et
1204 1629 1624 1699 philosophum’
1664 1630 1959 1699 (Isidorum
2007 1631 2304 1701 Cynicum,
2356 1634 2431 1687 de

397 1719 507 1769 quo
554 1717 735 1755 sermo
781 1701 986 1769 fuerat)
1036 1700 1214 1754 ‘Nero
1259 1700 1405 1752 nihil
1453 1700 1693 1769 amplius
1741 1719 1911 1769 quam
1955 1703 2093 1756 urbe
2141 1703 2432 1771 Italiaque

397 1772 701 1826 summouit
746 1772 839 1825 uel
884 1774 1208 1869 contemptu
1256 1771 1437 1825 omnis
1483 1770 1752 1826 infamiae
1800 1772 1892 1826 uel
1936 1790 2007 1826 ne
2051 1774 2287 1829 fatendo
2325 1776 2432 1828 do-

397 1843 573 1896 lorem
609 1842 860 1896 irritaret
893 1842 1162 1912 ingenia)

397 2024 525 2077 dent
540 1956 567 2003 1
589 1967 662 2020 sq.
704 1950 900 2005 Versus
935 1951 1147 2019 prioris
1191 1952 1407 2006 numeri
1451 1951 1700 2017 iambici,
1745 1953 1970 2007 alterius
2018 1953 2303 2007 bacchiaci
2344 1955 2431 2008 vi-

526 2040 596 2076 ur
630 2039 738 2077 esse

1361 2136 1448 2194 VI

399 2237 469 2303 Si
515 2238 671 2323 qm‘d
726 2237 1126 2303 monumenti
1179 2238 1370 2301 nacta
1414 2241 1513 2301 est
1551 2239 1676 2329 ⁶qui
1723 2260 1869 2302 eum
1914 2237 2288 2322 requireret.
2340 2278 2428 2286 —

396 2345 517 2410 Est
562 2346 870 2431 unguluS‚
917 2367 1108 2428 quem
1155 2345 1214 2408 ei
1260 2343 1422 2428 <ui>
1469 2345 1750 2408 detraxit
1793 2345 1989 2409 ebrio.

537 2467 736 2547 Festus
781 2485 836 2535 p.
868 2473 970 2521 375
1018 2468 1092 2522 M.
1144 2465 1470 2536 ‘ungulus
1521 2467 1790 2547 Oscorum
1833 2466 2029 2536 lingua
2076 2466 2307 2534 anuluS,
2362 2470 2430 2520 ut

399 2581 631 2593 ......
673 2537 729 2590 si
774 2537 968 2605 quid’
1010 2555 1055 2592 e.
1087 2556 1138 2605 q.
1170 2556 1211 2592 s.
1290 2536 1599 2590 ‘Pacuuius
1645 2537 1706 2590 in
1751 2536 1933 2591 Iliona
1975 2537 2049 2608 [X
2152 2538 2189 2591 .'
2264 2538 2428 2591 Inter

397 2609 694 2663 Atellanae
731 2608 1047 2678 fragmenta
1083 2609 1302 2690 reliqui,
1343 2608 1476 2676 quia
1506 2606 1711 2661 Oscum
1747 2625 1869 2662 esse
1905 2609 2082 2662 vocab
2147 2626 2240 2661 um
2277 2608 2426 2662 dicit

395 2681 617 2748 Festus3
668 2697 1009 2748 quamquam
1044 2680 1273 2733 minime
1313 2682 1525 2733 certum
1561 2679 1621 2731 id
1659 2696 1779 2733 esse
1821 2679 2207 2734 testimonium
2244 2680 2428 2734 nemi-

400 2769 530 2806 nem
566 2751 760 2821 fugere
796 2754 998 2819 potest.

541 2866 568 2912 1
619 2857 716 2927 qui
763 2874 891 2910 eum
935 2859 1355 2913 Lindemannus
1404 2857 1503 2925 qui
1548 2873 1739 2911 eorum
1784 2859 1898 2912 cod.
1955 2874 2094 2925 quor
2145 2857 2205 2912 Ο.
2236 2857 2428 2913 Muel-

397 2932 540 2986 lerus
684 2937 715 2983 2
753 2928 808 2983 ei
843 2928 902 2981 ui
938 2932 1135 2999 scripsi
1171 2929 1224 2983 ei
1260 2931 1375 2985 cod.
1415 2928 1611 2982 ennius
1652 2929 1772 2983 Vat.
1802 2930 1858 2984 R

1341 3114 1459 3173 VH
1495 3117 1500 3122 ’

396 3223 619 3266 0881181·

536 3322 714 3377 Varro
762 3322 831 3375 de
876 3321 912 3375 l.
951 3321 988 3376 1.
1017 3320 1121 3374 VH
1158 3326 1226 3374 29
1267 3320 1342 3373 M.
1395 3320 1685 3372 ‘cascum
1738 3321 1901 3372 uetus
1957 3334 2076 3371 esse
2133 3317 2422 3388 significat

393 3394 608 3448 Ennius
659 3438 669 3447 .
702 3437 714 3448 .
746 3436 757 3446 .
805 3392 944 3445 item
991 3391 1239 3446 ostendit
1274 3390 1479 3460 Papini
1517 3390 1574 3459 (l.
1608 3389 1918 3459 ‘Pompili')
1957 3389 2157 3458 ἐπιγρα
2199 3389 2422 3459 μάτων,

395 3466 550 3533 qnod
591 3465 653 3517 in
692 3463 1110 3517 adulescentem
1146 3463 1360 3516 fecerat
1395 3461 1627 3516 Cascam
1665 3504 1676 3514 .
1710 3506 1720 3515 .
1755 3506 1765 3515 .
1803 3460 1943 3541 item
1979 3463 2139 3514 osten
2186 3460 2230 3513 t
2268 3462 2422 3530 quod

397 3536 667 3604 oppidum
703 3538 939 3587 uocatur
972 3533 1235 3587 Casinum
1276 3578 1286 3588 .
1320 3577 1332 3587 .
1365 3577 1377 3588 .
1415 3532 1554 3586 item
1592 3531 1874 3602 significat
1909 3531 1969 3585 in
1995 3530 2280 3586 Atellanis
2319 3532 2420 3586 ali-
