<?xml version="1.0" encoding="UTF-8"?>
<!DOCTYPE html PUBLIC "-//W3C//DTD XHTML 1.0 Transitional//EN"
    "http://www.w3.org/TR/xhtml1/DTD/xhtml1-transitional.dtd">
<html xmlns="http://www.w3.org/1999/xhtml" xml:lang="en" lang="en">
 <head>
  <title>
</title>
<meta http-equiv="Content-Type" content="text/html;charset=utf-8" />
  <meta name='ocr-system' content='tesseract 3.04.00' />
  <meta name='ocr-capabilities' content='ocr_page ocr_carea ocr_par ocr_line ocrx_word'/>
</head>
<body>
  <div class='ocr_page' id='page_1' title='image "./scaenicaeromano09ribbgoog_0396.png"; bbox 0 0 2610 4007; ppageno 0'>
   <div class='ocr_carea' id='block_1_1' title="bbox 421 101 2105 168">
    <p class='ocr_par' dir='ltr' id='par_1_1' title="bbox 421 101 2105 168">
     <span class='ocr_line' id='line_1_1' title="bbox 421 101 2105 168; baseline -0.007 -2"><span class='ocrx_word' id='word_1_1' title='bbox 421 103 553 166; x_wconf 84' lang='lat'>384</span> <span class='ocrx_word' id='word_1_2' title='bbox 752 103 1283 158; x_wconf 79' lang='lat' dir='ltr'><strong>ANONYMORVM</strong></span> <span class='ocrx_word' id='word_1_3' title='bbox 1319 102 1678 157; x_wconf 84' lang='lat' dir='ltr'>MIMORVM</span> <span class='ocrx_word' id='word_1_4' title='bbox 1713 101 2105 168; x_wconf 86' lang='lat' dir='ltr'>RELIQVIAE</span> 
     </span>
    </p>
   </div>
   <div class='ocr_carea' id='block_1_2' title="bbox 418 265 2470 1132">
    <p class='ocr_par' dir='ltr' id='par_1_2' title="bbox 418 265 2470 991">
     <span class='ocr_line' id='line_1_2' title="bbox 418 265 2470 351; baseline -0 -21"><span class='ocrx_word' id='word_1_5' title='bbox 418 266 498 331; x_wconf 91' lang='lat' dir='ltr'>In</span> <span class='ocrx_word' id='word_1_6' title='bbox 556 266 789 350; x_wconf 90' lang='lat' dir='ltr'>quibus</span> <span class='ocrx_word' id='word_1_7' title='bbox 851 267 1100 330; x_wconf 80' lang='lat' dir='ltr'>assidue</span> <span class='ocrx_word' id='word_1_8' title='bbox 1156 267 1367 331; x_wconf 92' lang='lat' dir='ltr'>cultus</span> <span class='ocrx_word' id='word_1_9' title='bbox 1424 266 1716 351; x_wconf 73' lang='lat' dir='ltr'>procedit</span> <span class='ocrx_word' id='word_1_10' title='bbox 1771 266 2046 351; x_wconf 84' lang='lat' dir='ltr'>adulter,</span> <span class='ocrx_word' id='word_1_11' title='bbox 2102 265 2470 350; x_wconf 84' lang='lat' dir='ltr'>Verbaque</span> 
     </span>
     <span class='ocr_line' id='line_1_3' title="bbox 422 371 2469 458; baseline 0 -22"><span class='ocrx_word' id='word_1_12' title='bbox 422 373 531 437; x_wconf 90' lang='lat' dir='ltr'>dat</span> <span class='ocrx_word' id='word_1_13' title='bbox 577 374 777 438; x_wconf 91' lang='lat' dir='ltr'>stulto</span> <span class='ocrx_word' id='word_1_14' title='bbox 826 374 1056 437; x_wconf 83' lang='lat' dir='ltr'>callida</span> <span class='ocrx_word' id='word_1_15' title='bbox 1101 377 1302 457; x_wconf 89' lang='lat' dir='ltr'>nupta</span> <span class='ocrx_word' id='word_1_16' title='bbox 1349 374 1509 438; x_wconf 91' lang='lat' dir='ltr'>uiro.</span> <span class='ocrx_word' id='word_1_17' title='bbox 1599 372 1863 438; x_wconf 84' lang='lat' dir='ltr'>Nubilis</span> <span class='ocrx_word' id='word_1_18' title='bbox 1917 371 2035 437; x_wconf 88' lang='lat' dir='ltr'>hos</span> <span class='ocrx_word' id='word_1_19' title='bbox 2081 373 2272 458; x_wconf 86' lang='lat' dir='ltr'>uirgo</span> <span class='ocrx_word' id='word_1_20' title='bbox 2323 396 2469 436; x_wconf 87' lang='lat' dir='ltr'>ma-</span> 
     </span>
     <span class='ocr_line' id='line_1_4' title="bbox 420 479 2466 565; baseline 0 -22"><span class='ocrx_word' id='word_1_21' title='bbox 420 483 734 564; x_wconf 85' lang='lat' dir='ltr'>tronaque</span> <span class='ocrx_word' id='word_1_22' title='bbox 780 481 1010 564; x_wconf 89' lang='lat' dir='ltr'>uirque</span> <span class='ocrx_word' id='word_1_23' title='bbox 1063 502 1349 564; x_wconf 88' lang='lat' dir='ltr'>puerque</span> <span class='ocrx_word' id='word_1_24' title='bbox 1398 479 1687 564; x_wconf 85' lang='lat' dir='ltr'>Spectat,</span> <span class='ocrx_word' id='word_1_25' title='bbox 1743 483 1809 543; x_wconf 88' lang='lat' dir='ltr'>et</span> <span class='ocrx_word' id='word_1_26' title='bbox 1854 501 1932 543; x_wconf 86' lang='lat' dir='ltr'>ex</span> <span class='ocrx_word' id='word_1_27' title='bbox 1978 501 2210 565; x_wconf 86' lang='lat' dir='ltr'>magna</span> <span class='ocrx_word' id='word_1_28' title='bbox 2265 483 2466 563; x_wconf 86' lang='lat' dir='ltr'>parte</span> 
     </span>
     <span class='ocr_line' id='line_1_5' title="bbox 420 585 2464 651; baseline -0 -1"><span class='ocrx_word' id='word_1_29' title='bbox 420 590 679 650; x_wconf 84' lang='lat' dir='ltr'>senatus</span> <span class='ocrx_word' id='word_1_30' title='bbox 745 586 940 650; x_wconf 89' lang='lat' dir='ltr'>adest.</span> <span class='ocrx_word' id='word_1_31' title='bbox 1046 585 1183 651; x_wconf 89' lang='lat' dir='ltr'>Nec</span> <span class='ocrx_word' id='word_1_32' title='bbox 1257 587 1415 650; x_wconf 91' lang='lat' dir='ltr'>satis</span> <span class='ocrx_word' id='word_1_33' title='bbox 1490 586 1750 651; x_wconf 91' lang='lat' dir='ltr'>incestis</span> <span class='ocrx_word' id='word_1_34' title='bbox 1814 586 2116 650; x_wconf 88' lang='lat' dir='ltr'>temerari</span> <span class='ocrx_word' id='word_1_35' title='bbox 2177 585 2464 650; x_wconf 90' lang='lat' dir='ltr'>uocibus</span> 
     </span>
     <span class='ocr_line' id='line_1_6' title="bbox 421 691 2462 778; baseline 0 -23"><span class='ocrx_word' id='word_1_36' title='bbox 421 714 630 756; x_wconf 88' lang='lat' dir='ltr'>aures:</span> <span class='ocrx_word' id='word_1_37' title='bbox 677 692 1073 757; x_wconf 86' lang='lat' dir='ltr'>Assuescunt</span> <span class='ocrx_word' id='word_1_38' title='bbox 1120 694 1289 757; x_wconf 92' lang='lat' dir='ltr'>oculi</span> <span class='ocrx_word' id='word_1_39' title='bbox 1335 694 1541 757; x_wconf 87' lang='lat' dir='ltr'>multa</span> <span class='ocrx_word' id='word_1_40' title='bbox 1586 693 1883 778; x_wconf 91' lang='lat' dir='ltr'>pudenda</span> <span class='ocrx_word' id='word_1_41' title='bbox 1927 693 2082 776; x_wconf 91' lang='lat' dir='ltr'>pati.</span> <span class='ocrx_word' id='word_1_42' title='bbox 2159 691 2462 776; x_wconf 81' lang='lat' dir='ltr'>Cumque</span> 
     </span>
     <span class='ocr_line' id='line_1_7' title="bbox 424 798 2461 884; baseline 0 -23"><span class='ocrx_word' id='word_1_43' title='bbox 424 798 657 863; x_wconf 85' lang='lat' dir='ltr'>feerit</span> <span class='ocrx_word' id='word_1_44' title='bbox 710 822 930 863; x_wconf 88' lang='lat' dir='ltr'>amans</span> <span class='ocrx_word' id='word_1_45' title='bbox 984 799 1201 883; x_wconf 87' lang='lat' dir='ltr'>aliqua</span> <span class='ocrx_word' id='word_1_46' title='bbox 1253 800 1544 864; x_wconf 93' lang='lat' dir='ltr'>nouitate</span> <span class='ocrx_word' id='word_1_47' title='bbox 1602 800 1934 884; x_wconf 84' lang='lat' dir='ltr'>maritum,</span> <span class='ocrx_word' id='word_1_48' title='bbox 1988 798 2333 863; x_wconf 87' lang='lat' dir='ltr'>Plauditur</span> <span class='ocrx_word' id='word_1_49' title='bbox 2393 802 2461 862; x_wconf 91' lang='lat' dir='ltr'>et</span> 
     </span>
     <span class='ocr_line' id='line_1_8' title="bbox 418 906 1460 991; baseline 0.001 -22"><span class='ocrx_word' id='word_1_50' title='bbox 418 928 657 991; x_wconf 86' lang='lat' dir='ltr'>magno</span> <span class='ocrx_word' id='word_1_51' title='bbox 705 907 919 989; x_wconf 91' lang='lat' dir='ltr'>palma</span> <span class='ocrx_word' id='word_1_52' title='bbox 963 907 1184 970; x_wconf 88' lang='lat' dir='ltr'>fauore</span> <span class='ocrx_word' id='word_1_53' title='bbox 1232 906 1460 970; x_wconf 89' lang='lat' dir='ltr'>datur.’</span> 
     </span>
    </p>

    <p class='ocr_par' dir='ltr' id='par_1_3' title="bbox 565 1061 2459 1132">
     <span class='ocr_line' id='line_1_9' title="bbox 565 1061 2459 1132; baseline -0.001 -16"><span class='ocrx_word' id='word_1_54' title='bbox 565 1061 644 1116; x_wconf 88' lang='lat' dir='ltr'>Cf.</span> <span class='ocrx_word' id='word_1_55' title='bbox 670 1062 929 1116; x_wconf 86' lang='lat' dir='ltr'>Valerius</span> <span class='ocrx_word' id='word_1_56' title='bbox 958 1062 1234 1116; x_wconf 82' lang='lat' dir='ltr'>Maximus</span> <span class='ocrx_word' id='word_1_57' title='bbox 1264 1064 1316 1117; x_wconf 91' lang='lat' dir='ltr'>H</span> <span class='ocrx_word' id='word_1_58' title='bbox 1346 1070 1393 1132; x_wconf 87' lang='lat'>6,</span> <span class='ocrx_word' id='word_1_59' title='bbox 1418 1069 1447 1116; x_wconf 81' lang='lat'><strong>7</strong></span> <span class='ocrx_word' id='word_1_60' title='bbox 1478 1063 1595 1117; x_wconf 81' lang='lat' dir='ltr'>Ael.</span> <span class='ocrx_word' id='word_1_61' title='bbox 1626 1062 1981 1132; x_wconf 79' lang='lat' dir='ltr'>Lampridius</span> <span class='ocrx_word' id='word_1_62' title='bbox 2013 1062 2072 1115; x_wconf 94' lang='lat' dir='ltr'>in</span> <span class='ocrx_word' id='word_1_63' title='bbox 2104 1062 2228 1115; x_wconf 85' lang='lat' dir='ltr'>vita</span> <span class='ocrx_word' id='word_1_64' title='bbox 2256 1061 2459 1115; x_wconf 90' lang='lat' dir='ltr'>Helio·</span> 
     </span>
    </p>
   </div>
   <div class='ocr_carea' id='block_1_3' title="bbox 422 1132 2463 1274">
    <p class='ocr_par' dir='ltr' id='par_1_4' title="bbox 422 1132 2463 1274">
     <span class='ocr_line' id='line_1_10' title="bbox 422 1132 2463 1203; baseline 0 -17"><span class='ocrx_word' id='word_1_65' title='bbox 422 1132 619 1201; x_wconf 84' lang='lat' dir='ltr'>gabali</span> <span class='ocrx_word' id='word_1_66' title='bbox 666 1150 709 1187; x_wconf 92' lang='lat' dir='ltr'>c.</span> <span class='ocrx_word' id='word_1_67' title='bbox 752 1139 818 1187; x_wconf 81' lang='lat'>25</span> <span class='ocrx_word' id='word_1_68' title='bbox 865 1133 1144 1187; x_wconf 88' lang='lat' dir='ltr'>Minucius</span> <span class='ocrx_word' id='word_1_69' title='bbox 1189 1135 1349 1188; x_wconf 83' lang='lat' dir='ltr'>Felix</span> <span class='ocrx_word' id='word_1_70' title='bbox 1395 1141 1481 1203; x_wconf 87' lang='lat'>37,</span> <span class='ocrx_word' id='word_1_71' title='bbox 1519 1141 1600 1188; x_wconf 83' lang='lat'>12.</span> <span class='ocrx_word' id='word_1_72' title='bbox 1687 1134 1995 1203; x_wconf 82' lang='lat' dir='ltr'>Cyprianus</span> <span class='ocrx_word' id='word_1_73' title='bbox 2044 1134 2117 1187; x_wconf 86' lang='lat' dir='ltr'>ad</span> <span class='ocrx_word' id='word_1_74' title='bbox 2161 1134 2463 1187; x_wconf 76' lang='lat' dir='ltr'>Donatum</span> 
     </span>
     <span class='ocr_line' id='line_1_11' title="bbox 423 1204 2250 1274; baseline 0.001 -16"><span class='ocrx_word' id='word_1_75' title='bbox 423 1220 469 1258; x_wconf 86' lang='lat' dir='ltr'>c.</span> <span class='ocrx_word' id='word_1_76' title='bbox 501 1210 548 1258; x_wconf 88' lang='grc'>8.</span> <span class='ocrx_word' id='word_1_77' title='bbox 624 1204 757 1258; x_wconf 86' lang='lat' dir='ltr'>Alia</span> <span class='ocrx_word' id='word_1_78' title='bbox 792 1205 1119 1259; x_wconf 86' lang='lat' dir='ltr'>testimonia</span> <span class='ocrx_word' id='word_1_79' title='bbox 1158 1206 1368 1260; x_wconf 89' lang='lat' dir='ltr'>similia</span> <span class='ocrx_word' id='word_1_80' title='bbox 1404 1205 1534 1259; x_wconf 85' lang='lat' dir='ltr'>vide</span> <span class='ocrx_word' id='word_1_81' title='bbox 1571 1206 1632 1258; x_wconf 89' lang='lat' dir='ltr'>in</span> <span class='ocrx_word' id='word_1_82' title='bbox 1669 1205 1899 1274; x_wconf 82' lang='lat' dir='ltr'>Grysari</span> <span class='ocrx_word' id='word_1_83' title='bbox 1936 1204 1971 1260; x_wconf 92' lang='lat' dir='ltr'>l.</span> <span class='ocrx_word' id='word_1_84' title='bbox 2002 1205 2039 1260; x_wconf 92' lang='grc'>1.</span> <span class='ocrx_word' id='word_1_85' title='bbox 2075 1211 2139 1259; x_wconf 90' lang='grc'>18</span> <span class='ocrx_word' id='word_1_86' title='bbox 2170 1222 2250 1272; x_wconf 90' lang='lat' dir='ltr'>sq.</span> 
     </span>
    </p>
   </div>
   <div class='ocr_carea' id='block_1_4' title="bbox 1322 1498 1549 1556">
    <p class='ocr_par' dir='ltr' id='par_1_5' title="bbox 1322 1498 1549 1556">
     <span class='ocr_line' id='line_1_12' title="bbox 1322 1498 1549 1556; baseline 0 0"><span class='ocrx_word' id='word_1_87' title='bbox 1322 1498 1549 1556; x_wconf 91' lang='lat' dir='ltr'>XXXII</span> 
     </span>
    </p>
   </div>
   <div class='ocr_carea' id='block_1_5' title="bbox 423 1615 2462 2128">
    <p class='ocr_par' dir='ltr' id='par_1_6' title="bbox 423 1615 2462 2128">
     <span class='ocr_line' id='line_1_13' title="bbox 559 1615 2461 1682; baseline -0.001 -2"><span class='ocrx_word' id='word_1_88' title='bbox 559 1616 886 1682; x_wconf 82' lang='lat' dir='ltr'>Arnobius</span> <span class='ocrx_word' id='word_1_89' title='bbox 943 1618 1080 1681; x_wconf 87' lang='lat' dir='ltr'>adv.</span> <span class='ocrx_word' id='word_1_90' title='bbox 1125 1620 1255 1681; x_wconf 92' lang='lat' dir='ltr'>nat.</span> <span class='ocrx_word' id='word_1_91' title='bbox 1301 1616 1397 1681; x_wconf 92' lang='lat' dir='ltr'>IV</span> <span class='ocrx_word' id='word_1_92' title='bbox 1444 1617 1528 1680; x_wconf 84' lang='lat'>36</span> <span class='ocrx_word' id='word_1_93' title='bbox 1586 1616 1802 1680; x_wconf 75' lang='lat' dir='ltr'>‘etiam</span> <span class='ocrx_word' id='word_1_94' title='bbox 1850 1615 2066 1680; x_wconf 90' lang='lat' dir='ltr'>mimis</span> <span class='ocrx_word' id='word_1_95' title='bbox 2113 1619 2178 1679; x_wconf 87' lang='lat' dir='ltr'>et</span> <span class='ocrx_word' id='word_1_96' title='bbox 2222 1616 2461 1679; x_wconf 90' lang='lat' dir='ltr'>scurri-</span> 
     </span>
     <span class='ocr_line' id='line_1_14' title="bbox 424 1722 2460 1807; baseline -0 -22"><span class='ocrx_word' id='word_1_97' title='bbox 424 1722 595 1786; x_wconf 90' lang='lat' dir='ltr'>libus</span> <span class='ocrx_word' id='word_1_98' title='bbox 652 1723 915 1787; x_wconf 81' lang='lat' dir='ltr'>ludicris</span> <span class='ocrx_word' id='word_1_99' title='bbox 976 1724 1524 1788; x_wconf 87' lang='lat' dir='ltr'>sanctissimorum</span> <span class='ocrx_word' id='word_1_100' title='bbox 1584 1744 1893 1807; x_wconf 88' lang='lat' dir='ltr'>personae</span> <span class='ocrx_word' id='word_1_101' title='bbox 1952 1722 2460 1805; x_wconf 90' lang='lat' dir='ltr'>interponuntur</span> 
     </span>
     <span class='ocr_line' id='line_1_15' title="bbox 426 1826 2462 1893; baseline 0 -3"><span class='ocrx_word' id='word_1_102' title='bbox 426 1827 691 1892; x_wconf 91' lang='lat' dir='ltr'>deorum</span> <span class='ocrx_word' id='word_1_103' title='bbox 748 1879 761 1893; x_wconf 88' lang='lat'><strong>.</strong></span> <span class='ocrx_word' id='word_1_104' title='bbox 810 1880 824 1892; x_wconf 94' lang='lat'><strong>.</strong></span> <span class='ocrx_word' id='word_1_105' title='bbox 872 1881 886 1893; x_wconf 94' lang='lat'><strong>.</strong></span> <span class='ocrx_word' id='word_1_106' title='bbox 942 1828 1335 1893; x_wconf 90' lang='lat' dir='ltr'>iocularibus</span> <span class='ocrx_word' id='word_1_107' title='bbox 1391 1829 1714 1893; x_wconf 82' lang='lat' dir='ltr'>feriuntur</span> <span class='ocrx_word' id='word_1_108' title='bbox 1767 1826 2289 1892; x_wconf 87' lang='lat' dir='ltr'>cauillationibus</span> <span class='ocrx_word' id='word_1_109' title='bbox 2341 1851 2462 1891; x_wconf 93' lang='lat' dir='ltr'>nu-</span> 
     </span>
     <span class='ocr_line' id='line_1_16' title="bbox 424 1933 2460 2021; baseline 0.001 -24"><span class='ocrx_word' id='word_1_110' title='bbox 424 1934 626 2021; x_wconf 81' lang='lat' dir='ltr'>mina,</span> <span class='ocrx_word' id='word_1_111' title='bbox 674 1935 1076 1999; x_wconf 72' lang='lat' dir='ltr'>conclamant</span> <span class='ocrx_word' id='word_1_112' title='bbox 1123 1938 1186 1999; x_wconf 90' lang='lat' dir='ltr'>et</span> <span class='ocrx_word' id='word_1_113' title='bbox 1232 1938 1579 2021; x_wconf 83' lang='lat' dir='ltr'>assurgunt</span> <span class='ocrx_word' id='word_1_114' title='bbox 1628 1933 1908 2018; x_wconf 87' lang='lat' dir='ltr'>theatra,</span> <span class='ocrx_word' id='word_1_115' title='bbox 1955 1954 2183 1997; x_wconf 86' lang='lat' dir='ltr'>caueae</span> <span class='ocrx_word' id='word_1_116' title='bbox 2231 1955 2460 1999; x_wconf 89' lang='lat' dir='ltr'>omnes</span> 
     </span>
     <span class='ocr_line' id='line_1_17' title="bbox 423 2042 1787 2128; baseline 0 -23"><span class='ocrx_word' id='word_1_117' title='bbox 423 2046 813 2125; x_wconf 88' lang='lat' dir='ltr'>concrepant</span> <span class='ocrx_word' id='word_1_118' title='bbox 858 2042 1226 2128; x_wconf 86' lang='lat' dir='ltr'>fragoribus</span> <span class='ocrx_word' id='word_1_119' title='bbox 1272 2046 1467 2127; x_wconf 87' lang='lat' dir='ltr'>atque</span> <span class='ocrx_word' id='word_1_120' title='bbox 1511 2042 1787 2126; x_wconf 88' lang='lat' dir='ltr'>plausu.&#39;</span> 
     </span>
    </p>
   </div>
   <div class='ocr_carea' id='block_1_6' title="bbox 1308 2350 1567 2408">
    <p class='ocr_par' dir='ltr' id='par_1_7' title="bbox 1308 2350 1567 2408">
     <span class='ocr_line' id='line_1_18' title="bbox 1308 2350 1567 2408; baseline -0.004 0"><span class='ocrx_word' id='word_1_121' title='bbox 1308 2350 1567 2408; x_wconf 90' lang='lat' dir='ltr'>XXXIII</span> 
     </span>
    </p>
   </div>
   <div class='ocr_carea' id='block_1_7' title="bbox 563 2467 2540 2534">
    <p class='ocr_par' dir='ltr' id='par_1_8' title="bbox 563 2467 2540 2534">
     <span class='ocr_line' id='line_1_19' title="bbox 563 2467 2540 2534; baseline 0.002 -4"><span class='ocrx_word' id='word_1_122' title='bbox 563 2467 891 2532; x_wconf 89' lang='lat' dir='ltr'>Arnobius</span> <span class='ocrx_word' id='word_1_123' title='bbox 937 2470 1076 2533; x_wconf 86' lang='lat' dir='ltr'>adv.</span> <span class='ocrx_word' id='word_1_124' title='bbox 1113 2470 1406 2534; x_wconf 88' lang='lat' dir='ltr'>nationes</span> <span class='ocrx_word' id='word_1_125' title='bbox 1443 2468 1571 2533; x_wconf 94' lang='lat' dir='ltr'>VII</span> <span class='ocrx_word' id='word_1_126' title='bbox 1619 2470 1703 2532; x_wconf 86' lang='lat'>33</span> <span class='ocrx_word' id='word_1_127' title='bbox 1753 2468 1990 2531; x_wconf 75' lang='lat' dir='ltr'>‘mimis</span> <span class='ocrx_word' id='word_1_128' title='bbox 2034 2468 2341 2531; x_wconf 90' lang='lat' dir='ltr'>nimirum</span> <span class='ocrx_word' id='word_1_129' title='bbox 2392 2470 2459 2533; x_wconf 90' lang='lat' dir='ltr'>di</span> <span class='ocrx_word' id='word_1_130' title='bbox 2539 2482 2540 2491; x_wconf 57' lang='lat'>¹</span> 
     </span>
    </p>
   </div>
   <div class='ocr_carea' id='block_1_8' title="bbox 427 2574 2530 3407">
    <p class='ocr_par' dir='ltr' id='par_1_9' title="bbox 427 2574 2530 3407">
     <span class='ocr_line' id='line_1_20' title="bbox 427 2574 2457 2660; baseline 0.001 -23"><span class='ocrx_word' id='word_1_131' title='bbox 427 2575 740 2660; x_wconf 87' lang='lat' dir='ltr'>gaudent,</span> <span class='ocrx_word' id='word_1_132' title='bbox 804 2580 867 2640; x_wconf 92' lang='lat' dir='ltr'>et</span> <span class='ocrx_word' id='word_1_133' title='bbox 926 2576 1038 2639; x_wconf 83' lang='lat' dir='ltr'>ina</span> <span class='ocrx_word' id='word_1_134' title='bbox 1090 2577 1191 2640; x_wconf 92' lang='lat' dir='ltr'>uis</span> <span class='ocrx_word' id='word_1_135' title='bbox 1250 2580 1582 2660; x_wconf 88' lang='lat' dir='ltr'>praestans</span> <span class='ocrx_word' id='word_1_136' title='bbox 1642 2597 1848 2659; x_wconf 89' lang='lat' dir='ltr'>neque</span> <span class='ocrx_word' id='word_1_137' title='bbox 1907 2575 2059 2638; x_wconf 92' lang='lat' dir='ltr'>ullis</span> <span class='ocrx_word' id='word_1_138' title='bbox 2118 2574 2457 2639; x_wconf 89' lang='lat' dir='ltr'>hominum</span> 
     </span>
     <span class='ocr_line' id='line_1_21' title="bbox 432 2681 2456 2765; baseline 0 -20"><span class='ocrx_word' id='word_1_139' title='bbox 432 2681 893 2765; x_wconf 90' lang='lat' dir='ltr'>comprehensa</span> <span class='ocrx_word' id='word_1_140' title='bbox 947 2683 1196 2747; x_wconf 88' lang='lat' dir='ltr'>naturis</span> <span class='ocrx_word' id='word_1_141' title='bbox 1245 2683 1669 2747; x_wconf 87' lang='lat' dir='ltr'>libentissime</span> <span class='ocrx_word' id='word_1_142' title='bbox 1716 2682 2081 2746; x_wconf 92' lang='lat' dir='ltr'>commodat</span> <span class='ocrx_word' id='word_1_143' title='bbox 2127 2682 2456 2746; x_wconf 89' lang='lat' dir='ltr'>audiendis</span> 
     </span>
     <span class='ocr_line' id='line_1_22' title="bbox 433 2786 2455 2875; baseline 0.001 -25"><span class='ocrx_word' id='word_1_144' title='bbox 433 2786 536 2850; x_wconf 87' lang='lat' dir='ltr'>his</span> <span class='ocrx_word' id='word_1_145' title='bbox 583 2789 782 2873; x_wconf 85' lang='lat' dir='ltr'>auris,</span> <span class='ocrx_word' id='word_1_146' title='bbox 840 2811 1113 2873; x_wconf 90' lang='lat' dir='ltr'>quorum</span> <span class='ocrx_word' id='word_1_147' title='bbox 1169 2789 1858 2875; x_wconf 85' lang='lat' dir='ltr'>symplegmatibus</span> <span class='ocrx_word' id='word_1_148' title='bbox 1912 2788 2210 2873; x_wconf 89' lang='lat' dir='ltr'>plurimis</span> <span class='ocrx_word' id='word_1_149' title='bbox 2264 2788 2455 2852; x_wconf 87' lang='lat' dir='ltr'>inter-</span> 
     </span>
     <span class='ocr_line' id='line_1_23' title="bbox 433 2895 2457 2960; baseline 0 -3"><span class='ocrx_word' id='word_1_150' title='bbox 433 2895 674 2960; x_wconf 86' lang='lat' dir='ltr'>mixtos</span> <span class='ocrx_word' id='word_1_151' title='bbox 738 2918 803 2960; x_wconf 92' lang='lat' dir='ltr'>se</span> <span class='ocrx_word' id='word_1_152' title='bbox 870 2918 1003 2960; x_wconf 91' lang='lat' dir='ltr'>esse</span> <span class='ocrx_word' id='word_1_153' title='bbox 1071 2896 1408 2960; x_wconf 90' lang='lat' dir='ltr'>derisionis</span> <span class='ocrx_word' id='word_1_154' title='bbox 1471 2896 1540 2959; x_wconf 92' lang='lat' dir='ltr'>in</span> <span class='ocrx_word' id='word_1_155' title='bbox 1603 2896 1937 2960; x_wconf 90' lang='lat' dir='ltr'>materiam</span> <span class='ocrx_word' id='word_1_156' title='bbox 2001 2898 2257 2959; x_wconf 88' lang='lat' dir='ltr'>norunt.</span> <span class='ocrx_word' id='word_1_157' title='bbox 2356 2895 2457 2958; x_wconf 92' lang='lat' dir='ltr'>de-</span> 
     </span>
     <span class='ocr_line' id='line_1_24' title="bbox 432 3001 2530 3086; baseline -0 -20"><span class='ocrx_word' id='word_1_158' title='bbox 432 3001 779 3086; x_wconf 85' lang='lat' dir='ltr'>lectantur,</span> <span class='ocrx_word' id='word_1_159' title='bbox 824 3006 899 3066; x_wconf 90' lang='lat' dir='ltr'>ut</span> <span class='ocrx_word' id='word_1_160' title='bbox 944 3024 1043 3067; x_wconf 90' lang='lat' dir='ltr'>res</span> <span class='ocrx_word' id='word_1_161' title='bbox 1090 3006 1213 3086; x_wconf 83' lang='lat' dir='ltr'>est,</span> <span class='ocrx_word' id='word_1_162' title='bbox 1267 3002 1753 3086; x_wconf 92' lang='lat' dir='ltr'>stupidorum</span> <span class='ocrx_word' id='word_1_163' title='bbox 1801 3001 2190 3086; x_wconf 89' lang='lat' dir='ltr'>capitibus</span> <span class='ocrx_word' id='word_1_164' title='bbox 2235 3001 2453 3085; x_wconf 82' lang='lat' dir='ltr'>rasiS,</span> <span class='ocrx_word' id='word_1_165' title='bbox 2529 3030 2530 3041; x_wconf 51' lang='lat'>¹</span> 
     </span>
     <span class='ocr_line' id='line_1_25' title="bbox 434 3090 2452 3193; baseline -0.001 -20"><span class='ocrx_word' id='word_1_166' title='bbox 434 3110 982 3193; x_wconf 85' lang='lat' dir='ltr'>salapittarum</span> <span class='ocrx_word' id='word_1_167' title='bbox 1055 3110 1312 3174; x_wconf 91' lang='lat' dir='ltr'>sonitu</span> <span class='ocrx_word' id='word_1_168' title='bbox 1391 3112 1619 3192; x_wconf 89' lang='lat' dir='ltr'>atque</span> <span class='ocrx_word' id='word_1_169' title='bbox 1700 3109 2003 3193; x_wconf 79' lang='lat' dir='ltr'>plausU,</span> <span class='ocrx_word' id='word_1_170' title='bbox 2081 3090 2308 3171; x_wconf 85' lang='lat' dir='ltr'>factis</span> <span class='ocrx_word' id='word_1_171' title='bbox 2381 3113 2452 3171; x_wconf 91' lang='lat' dir='ltr'>et</span> 
     </span>
     <span class='ocr_line' id='line_1_26' title="bbox 438 3213 2451 3301; baseline -0 -22"><span class='ocrx_word' id='word_1_172' title='bbox 438 3216 670 3279; x_wconf 92' lang='lat' dir='ltr'>dictis</span> <span class='ocrx_word' id='word_1_173' title='bbox 717 3215 1105 3300; x_wconf 80' lang='lat' dir='ltr'>turpibuS‚</span> <span class='ocrx_word' id='word_1_174' title='bbox 1160 3215 1630 3280; x_wconf 84' lang='lat' dir='ltr'>fascinorum</span> <span class='ocrx_word' id='word_1_175' title='bbox 1675 3214 2106 3301; x_wconf 87' lang='lat' dir='ltr'>ingentium</span> <span class='ocrx_word' id='word_1_176' title='bbox 2159 3213 2451 3278; x_wconf 87' lang='lat' dir='ltr'>rubore’</span> 
     </span>
     <span class='ocr_line' id='line_1_27' title="bbox 434 3345 675 3407; baseline 0 -20"><span class='ocrx_word' id='word_1_177' title='bbox 434 3345 486 3387; x_wconf 90' lang='lat' dir='ltr'>e.</span> <span class='ocrx_word' id='word_1_178' title='bbox 530 3346 586 3407; x_wconf 91' lang='lat' dir='ltr'>q.</span> <span class='ocrx_word' id='word_1_179' title='bbox 627 3345 675 3388; x_wconf 80' lang='lat' dir='ltr'>s,</span> 
     </span>
    </p>
   </div>
   <div class='ocr_carea' id='block_1_9' title="bbox 581 3478 2072 3548">
    <p class='ocr_par' dir='ltr' id='par_1_10' title="bbox 581 3478 2072 3548">
     <span class='ocr_line' id='line_1_28' title="bbox 581 3478 2072 3548; baseline -0.002 -15"><span class='ocrx_word' id='word_1_180' title='bbox 581 3479 832 3533; x_wconf 87' lang='lat' dir='ltr'>Conferri</span> <span class='ocrx_word' id='word_1_181' title='bbox 867 3478 1034 3532; x_wconf 89' lang='lat' dir='ltr'>iussit</span> <span class='ocrx_word' id='word_1_182' title='bbox 1069 3479 1187 3532; x_wconf 86' lang='lat' dir='ltr'>Bne</span> <span class='ocrx_word' id='word_1_183' title='bbox 1223 3478 1617 3548; x_wconf 86' lang='lat' dir='ltr'>Aristophanis</span> <span class='ocrx_word' id='word_1_184' title='bbox 1654 3478 1787 3534; x_wconf 90' lang='lat' dir='ltr'>nub.</span> <span class='ocrx_word' id='word_1_185' title='bbox 1818 3482 1921 3531; x_wconf 80' lang='lat'>537</span> <span class='ocrx_word' id='word_1_186' title='bbox 1953 3494 2072 3544; x_wconf 87' lang='lat' dir='ltr'>sqq.</span> 
     </span>
    </p>
   </div>
   <div class='ocr_carea' id='block_1_10' title="bbox 2529 1917 2554 3027">
    <p class='ocr_par' dir='ltr' id='par_1_11' title="bbox 2529 1917 2554 3027">
     <span class='ocr_line' id='line_1_29' title="bbox 2529 1917 2554 3027; baseline 0 0"><span class='ocrx_word' id='word_1_187' title='bbox 2529 1917 2554 3027; x_wconf 95' lang='lat' dir='ltr'> </span> 
     </span>
    </p>
   </div>
  </div>
 </body>
</html>
