2610 4007
371 226 503 290 376
706 224 1240 279 ANONYMORVM
1274 223 1631 279 MIMORVM
1666 224 2057 289 RELIQVIAE

372 393 487 453 aut
532 389 726 453 etiam
771 388 1197 472 pompilum
1243 387 1550 451 miniati
1597 385 1809 451 Iouis
1861 388 2208 452 similem.
2256 438 2269 451 .
2319 439 2332 451 .
2383 438 2400 452 .

370 500 446 560 tu
490 517 646 560 uero
693 543 710 559 .
757 546 770 559 .
821 546 832 558 .
882 495 961 558 ad
1011 493 1580 577 tyrotarichum
1627 494 1966 577 antiquum
2010 494 2146 558 redi
2195 546 2207 557 .
2258 546 2270 556 .
2319 545 2332 557 .
2383 545 2397 557 .

371 603 525 666 salis
573 601 744 666 enim
788 600 946 664 satis
992 604 1106 685 est,
1152 601 1606 664 sannionum
1653 601 1924 683 parum.'
2001 599 2093 665 Cf.
2133 599 2303 664 XIV.

514 739 741 810 Repetii
784 739 997 808 locum,
1043 739 1300 807 quamvis
1342 756 1680 809 magnopere
1719 738 1973 793 dubitem
2009 758 2144 792 num
2183 741 2397 792 certum

372 811 607 865 mimum
651 810 959 880 respexerit
1005 810 1220 866 Cicero:
1277 810 1444 863 nihili
1495 814 1581 864 est
1626 810 1901 864 K1ahneri
1956 810 2281 864 coniectura
2334 809 2395 862 in

374 883 591 952 ephem.
630 883 808 936 Marb.
851 888 985 935 1852
1041 900 1094 950 p.
1126 887 1230 934 396
1269 900 1387 949 sqq.
1439 882 1688 950 prolata,
1745 881 2113 950 Popilium,
2171 882 2395 934 Dena-

371 954 572 1022 rium,
606 952 1047 1022 Tyrotarichi
1083 952 1752 1021 patinam.exodiorum
1780 952 2174 1021 (Accianorum
2203 952 2394 1020 adeol)

372 1025 605 1078 nomina
634 1041 779 1079 esse:
817 1024 1091 1092 ultimam,
1132 1023 1248 1077 scil.
1278 1023 1611 1092 tyrotarichi
1642 1023 1898 1092 patinam
1925 1023 2210 1078 Dieterich
2238 1023 2396 1077 Pulc.

376 1103 459 1150 75.
503 1102 602 1149 109
647 1098 896 1148 saturam
941 1094 1360 1163 interpretatur.
1437 1094 1695 1148 Ceterum
1731 1095 1799 1148 cf.
1841 1095 1912 1147 ad
1949 1096 2065 1149 Att.
2104 1096 2180 1148 IV
2219 1100 2316 1162 86,
2348 1100 2396 1148 1.

373 1168 503 1220 XIV
544 1172 625 1235 16,
658 1173 703 1219 1.
779 1165 1150 1235 pompilum
1186 1165 1434 1219 Rutilius
1472 1166 1644 1234 (idem
1679 1165 1827 1219 infra
1865 1165 2085 1235 scripsi,
2133 1165 2233 1219 ubi
2280 1183 2396 1234 po-

372 1238 604 1307 lypum
642 1237 810 1306 Med.)
865 1236 1236 1306 popillium
1271 1237 1418 1291 Med.
1469 1238 1792 1306 polypum
1830 1236 2105 1290 Corradus
2159 1236 2398 1306 popel-

372 1309 509 1362 lum
546 1309 663 1362 Bue
773 1308 1215 1376 thynnarium
1252 1307 1501 1361 Rutilius
1539 1308 1963 1374 (cantharum
2002 1307 2396 1362 Mendelssohn

370 1379 672 1434 naritam
708 1379 794 1434 Fr.
826 1379 1084 1448 Schoell).
1150 1380 1325 1433 Immo
1363 1396 1433 1432 ne
1471 1397 1645 1432 unum
1681 1379 1908 1447 quidem
1947 1379 2301 1433 denarium
2338 1395 2400 1431 se

373 1452 435 1505 in
474 1452 588 1506 olla
625 1451 833 1505 habere
878 1451 1219 1504 lamentatus
1267 1453 1390 1503 erat
1426 1451 1631 1503 Paetus
1671 1450 1758 1519 (cf.
1793 1455 1876 1518 18,
1903 1454 1976 1518 4).
2105 1450 2396 1504 miniani

371 1523 513 1593 cod.,
553 1540 691 1577 corr.
730 1521 1062 1577 Lambinus:
1100 1524 1258 1575 tenet
1291 1521 1438 1574 illud
1474 1521 1887 1575 Mendelssohn.

1335 1725 1430 1783 ΙΠ

510 1825 729 1890 Cicero
776 1825 941 1891 Phil.
992 1825 1056 1890 II
1109 1827 1213 1910 27,
1251 1826 1336 1889 66
1394 1826 1495 1889 ‘in
1550 1826 1686 1890 eius
1741 1826 1942 1912 igitur
1995 1827 2122 1892 uiri
2178 1826 2400 1910 copias

371 1956 518 1998 cum
576 1955 642 1997 se
699 1932 915 1997 subito
971 1933 1460 2020 ingurgitasset,
1516 1932 1848 1997 exultabat
1904 1934 2169 2020 gaudiO,
2234 1955 2397 2018 per-

371 2063 556 2106 sona
614 2041 698 2104 de
753 2041 1004 2105 mimo:
1062 2041 1279 2104 modo
1337 2062 1591 2126 egens,
1645 2044 1957 2124 repente
2016 2041 2273 2104 diues?

515 2179 594 2234 Cf.
636 2179 827 2234 Cicero
863 2195 964 2247 pro
1004 2178 1266 2243 Quinctio
1309 2185 1392 2246 17,
1423 2185 1490 2232 55
1532 2180 1717 2232 ‘uetus
1757 2182 1844 2232 est
1880 2179 1950 2232 de
1989 2197 2181 2233 scurra
2217 2179 2398 2232 multo

371 2251 598 2305 facilius
637 2250 874 2304 diuitem
911 2267 1081 2318 quam
1116 2253 1335 2319 patrem
1371 2249 1618 2303 familias
1656 2250 1776 2303 fieri
1819 2251 2023 2319 posse.’
2099 2250 2397 2304 Petronius

373 2340 420 2377 θ’
453 2327 546 2378 80’
593 2394 749 2462 ‘grex
788 2391 910 2462 agit
945 2391 1007 2445 in
1043 2408 1247 2445 scaena
1282 2391 1540 2446 mimum:
1578 2395 1775 2460 pater
1809 2392 1908 2445 1116
1944 2395 2198 2461 uocatur,

657 2462 857 2516 filius
896 2462 1003 2531 1116,
1042 2480 1242 2517 nomen
1282 2462 1531 2516 diuitis
1568 2463 1667 2516 1116
1704 2465 1873 2518 tenet.

585 2552 714 2588 mox
750 2533 850 2588 ubi
886 2534 1150 2588 ridendas
1188 2533 1419 2587 inclusit
1453 2533 1665 2603 pagina
1699 2537 1914 2603 partes,

656 2622 792 2659 uera
828 2605 976 2658 redit
1011 2605 1212 2674 facies,
1253 2606 1386 2658 dum
1424 2604 1690 2659 simulata
1725 2605 1910 2675 perit.’

371 2696 457 2765 (In
502 2714 553 2748 v.
595 2700 625 2747 3
672 2710 773 2763 pro
819 2693 1073 2763 pagina
1122 2696 1379 2774 expectes
1428 2693 1735 2762 capsula:
1782 2695 2200 2763 reponebantur
2247 2694 2396 2748 enim

370 2766 432 2819 in
470 2766 701 2834 capsula
740 2765 986 2834 chartae,
1025 2782 1169 2833 quae
1208 2768 1445 2846 scriptas
1482 2768 1672 2833 partes
1710 2766 2087 2846 exhibebant„
2108 2783 2238 2819 cum
2274 2783 2396 2835 per-

372 2841 502 2891 acta
537 2836 735 2890 fabula
774 2839 936 2890 esset.
1009 2836 1326 2890 machina
1363 2853 1430 2890 61.
1461 2836 1577 2890 Β116
1613 2837 1902 2906 pergula
1938 2853 2127 2890 nescio
2166 2837 2315 2905 quis)

1338 3057 1423 3115 IV

509 3158 730 3223 Cicero
785 3180 903 3243 pro
953 3158 1169 3223 Caelio
1220 3159 1326 3243 27,
1373 3157 1459 3221 64
1515 3158 1717 3222 ‘uelut
1771 3158 1927 3223 haec
1983 3163 2121 3223 tota
2176 3159 2404 3223 fabula

371 3267 611 3330 ueteris
668 3270 732 3329 et
789 3266 1214 3349 plurimarum
1275 3265 1641 3328 fabularum
1700 3265 1984 3348 poetriae
2045 3288 2239 3348 quam
2301 3271 2404 3329 est

369 3375 506 3438 sine
555 3375 962 3457 argumento!
1021 3395 1212 3456 quam
1249 3372 1500 3435 nullum
1539 3371 1826 3435 inuenire
1864 3372 2108 3436 exitum
2155 3375 2400 3457 potest!

371 3529 386 3541 .
427 3530 440 3541 .
485 3530 497 3543 .
546 3479 755 3542 mimi
802 3501 954 3563 ergo
994 3483 1090 3542 est
1127 3479 1252 3541 iam
1299 3479 1581 3561 exituS‚
1628 3499 1759 3542 non
1794 3478 2076 3543 fabulae:
2124 3479 2201 3541 in
2250 3501 2397 3562 quo

372 3603 536 3645 cum
602 3583 946 3645 clausula
1013 3605 1163 3647 non
1236 3584 1665 3667 inuenitur,
1737 3584 1944 3670 fugit
2009 3585 2298 3668 aliquis
2365 3607 2400 3648 e
