2610 4007
402 225 532 289 374
1234 225 1581 292 ANONYMI

1061 448 1749 534 ANONYMI

1309 623 1525 682 FABA

538 742 758 807 Cicero
805 742 885 806 ad
924 739 1061 805 Att.
1099 740 1130 805 I
1184 742 1284 825 16,
1328 743 1408 805 13
1455 742 1740 806 ‘uidesne
1787 743 2204 808 consulatum.
2239 744 2425 807 illum

401 853 717 933 nostrum,
762 870 951 932 quem
994 846 1186 912 Curio
1235 851 1423 912 antea
1459 848 1843 913 ἀποθέωσιν
1886 849 2180 934 uocabat,
2228 850 2282 913 si
2321 850 2426 914 hic

400 957 609 1020 factus
655 956 802 1038 erit,
840 954 1126 1018 Fabam
1170 955 1478 1018 mimum
1522 954 1893 1018 futurumP’

546 1077 755 1131 Seneca
794 1076 1077 1145 apocoloc.
1120 1081 1150 1127 9
1201 1075 1386 1144 ‘olim,
1437 1075 1648 1144 inquit,
1700 1093 1909 1145 magna
1953 1093 2040 1130 res
2088 1079 2212 1131 erat
2260 1078 2426 1131 deum

403 1147 539 1215 fieri,
577 1147 693 1201 iam
719 1147 968 1201 famam
999 1146 1233 1200 mimum
1268 1147 1525 1201 fecistis.'
1585 1147 1724 1202 Cum
1760 1147 1912 1216 apud
1948 1150 2247 1216 utrumque
2286 1151 2425 1203 ἀπο-

399 1221 658 1281 θεώσεως
692 1218 904 1272 mentio
936 1218 1053 1286 fiat,
1093 1221 1483 1287 argumentum
1518 1218 1677 1271 mimi
1706 1218 1800 1272 vix
1828 1218 1987 1272 aliud
2024 1219 2197 1273 fuisse
2235 1222 2426 1289 potest

402 1308 571 1360 quam
614 1289 955 1358 Pythagorei
1000 1289 1071 1342 de
1115 1289 1453 1358 migratione
1502 1289 1724 1343 animae
1772 1289 2054 1359 dogmatis
2095 1294 2421 1360 praecepto-

401 1378 634 1429 rumque
665 1361 737 1414 ad
764 1360 978 1414 victum
1011 1360 1415 1429 pertinentium
1440 1359 1634 1414 inrisio
1665 1360 1817 1430 (hist.
1841 1378 1993 1430 poes,
2013 1361 2173 1417 Rom.
2198 1362 2253 1415 1³
2281 1368 2423 1422 226).

402 1434 591 1487 Fabae
618 1431 932 1486 reverentia
963 1434 1235 1500 quantam
1263 1431 1485 1485 ridendi
1521 1431 1816 1485 materiam
1852 1432 2192 1501 praebuerit,
2229 1450 2426 1487 causa-

402 1522 526 1557 rum
572 1502 776 1571 quibus
824 1502 1172 1556 abstinentia
1219 1503 1339 1556 eius
1382 1519 1427 1557 e.
1468 1519 1512 1556 c.
1551 1502 1612 1555 in
1649 1503 1944 1573 Porphyrii
1979 1503 2100 1557 vita
2146 1521 2192 1559 c.
2223 1510 2293 1557 44
2339 1505 2428 1557 fir-

402 1577 591 1628 matur
641 1573 870 1643 ineptiis
927 1573 1064 1627 satis
1120 1574 1455 1628 declaratur.
1508 1574 1760 1627 ·Novam
1807 1590 1984 1644 nuper
2034 1574 2430 1629 ariolationem

403 1645 666 1699 inanibus
706 1648 1045 1699 exstructam
1084 1645 1428 1714 argumentis
1465 1662 1565 1714 pro
1604 1648 1757 1699 certa
1796 1645 2052 1699 vendidit
2083 1646 2185 1699 Th.
2206 1646 2334 1701 Birt
2368 1646 2429 1700 in

404 1716 674 1770 Dieterici
711 1716 1024 1770 Pulcinella
1053 1722 1153 1770 277
1177 1735 1255 1784 sq.
1295 1717 1525 1784 eiusque
1564 1716 1863 1770 adsensum
1900 1716 2036 1769 tulit
2069 1735 2123 1786 p.
2156 1722 2240 1771 91.
2310 1718 2430 1771 Nec

404 1788 667 1868 fatuum
696 1787 965 1840 mimum
990 1788 1184 1858 prob0,
1214 1789 1367 1855 quod
1387 1788 1526 1842 0.E.
1547 1787 1801 1841 Schmidt
1819 1787 2101 1858 Philologi
2119 1806 2173 1842 n.
2193 1806 2235 1842 e.
2252 1789 2305 1841 X
2327 1796 2432 1843 554

402 1861 710 1928 proposuit.

1085 2007 1747 2068 LASERPIOIARIVS

537 2127 879 2192 Petronius
924 2149 975 2191 c.
1014 2128 1099 2191 35
1149 2127 1366 2211 ‘atque
1421 2128 1556 2211 ipse
1613 2129 1807 2193 etiam
1858 2129 2227 2194 taeterrima
2274 2151 2435 2194 uoce

408 2236 483 2299 de
528 2235 991 2320 Laserpiciario
1038 2235 1235 2299 mimo
1284 2235 1668 2299 canticum
1716 2236 2028 2300 extorsit?

1285 2450 1553 2512 TVTOR

551 2552 629 2606 Cf.
671 2568 832 2606 anon.
871 2551 1021 2605 mim.
1060 2551 1302 2605 IV--VL

546 2661 768 2726 Cicero
826 2663 901 2727 de
958 2665 1114 2726 orat.
1160 2661 1226 2726 II
1282 2661 1396 2745 64,
1444 2661 1571 2725 259
1623 2662 1785 2726 ‘non
1838 2662 2152 2726 insulsum
2206 2665 2436 2748 genus’

412 2767 723 2856 (ridiculi)
773 2769 875 2832 ‘ex
921 2790 995 2833 eo
1006 2820 1023 2852 ,
1075 2790 1220 2832 cum
1268 2768 1349 2831 ad
1391 2767 1692 2852 uerbum,
1748 2790 1877 2832 non
1926 2769 2006 2832 ad
2048 2771 2437 2834 sententiam

409 2898 544 2939 rem
606 2876 891 2959 accipere
950 2874 1234 2960 uideare,
1300 2896 1379 2938 ex
1435 2897 1562 2958 quo
1622 2897 1752 2938 uno
1812 2897 2044 2960 genere
2102 2879 2283 2940 totus
2344 2880 2439 2941 est

411 2981 633 3066 Tutor,
677 2983 914 3046 mimus
960 2986 1147 3046 uetus
1195 2981 1431 3067 oppido
1478 2981 1828 3072 ridiculus.’

1149 3200 1385 3259 ALIVS
1433 3199 1686 3258 MIMVS

555 3316 755 3370 onris
807 3320 996 3386 partes
1049 3317 1382 3386 Thymelen,
1438 3314 1627 3370 mariti
1684 3314 2013 3369 Corinthum
2069 3316 2252 3386 egisse
2311 3332 2441 3369 con-

412 3388 672 3457 legerunt
717 3405 785 3442 ex
831 3388 1111 3442 Iuvenalis
1157 3388 1277 3441 VIII
1317 3393 1416 3441 197
1468 3388 1725 3440 ‘mortem
1772 3386 1852 3440 sic
1898 3386 2197 3455 quisquam
2244 3386 2438 3440 exhor-

412 3459 552 3527 ruit,
608 3462 673 3512 ut
728 3459 803 3512 sit
854 3459 1153 3528 Zelotypus
1201 3458 1526 3527 Thymeles,
1586 3457 1798 3526 stupidi
1851 3458 2070 3527 collega
2113 3457 2437 3513 Corinthi?’

417 3529 673 3582 Ceterum
711 3530 779 3583 cf.
813 3529 1036 3583 Horatii
1065 3533 1169 3584 sat.
1201 3530 1253 3583 II
1283 3537 1331 3597 7,
1362 3536 1429 3582 59
1460 3547 1541 3597 sq.
1579 3528 1857 3582 Martialis
1887 3529 1913 3582 I
1949 3537 2000 3595 4,
2030 3534 2061 3582 5
2098 3529 2150 3581 11
2183 3535 2266 3598 72,
2298 3536 2329 3582 3
2361 3547 2437 3597 sq.

414 3597 465 3649 V
495 3604 579 3666 61,
603 3605 666 3651 11
691 3616 772 3666 sq.
811 3602 868 3652 et
903 3600 1050 3653 infra
1088 3601 1151 3655 fr.
1183 3600 1430 3655 XXXIV.
