<?xml version="1.0" encoding="UTF-8"?>
<!DOCTYPE html PUBLIC "-//W3C//DTD XHTML 1.0 Transitional//EN"
    "http://www.w3.org/TR/xhtml1/DTD/xhtml1-transitional.dtd">
<html xmlns="http://www.w3.org/1999/xhtml" xml:lang="en" lang="en">
 <head>
  <title>
</title>
<meta http-equiv="Content-Type" content="text/html;charset=utf-8" />
  <meta name='ocr-system' content='tesseract 3.04.00' />
  <meta name='ocr-capabilities' content='ocr_page ocr_carea ocr_par ocr_line ocrx_word'/>
</head>
<body>
  <div class='ocr_page' id='page_1' title='image "./scaenicaeromano09ribbgoog_0032.png"; bbox 0 0 2610 4007; ppageno 0'>
   <div class='ocr_carea' id='block_1_1' title="bbox 389 110 1638 216">
    <p class='ocr_par' dir='ltr' id='par_1_1' title="bbox 389 110 1638 216">
     <span class='ocr_line' id='line_1_1' title="bbox 389 110 1638 216; baseline -0.009 -2"><span class='ocrx_word' id='word_1_1' title='bbox 389 151 478 216; x_wconf 86' lang='grc'>20</span> <span class='ocrx_word' id='word_1_2' title='bbox 1169 110 1280 207; x_wconf 59' lang='lat' dir='ltr'>on,</span> <span class='ocrx_word' id='word_1_3' title='bbox 1319 150 1638 205; x_wconf 72' lang='lat' dir='ltr'>NAEvivs</span> 
     </span>
    </p>
   </div>
   <div class='ocr_carea' id='block_1_2' title="bbox 388 310 2422 594">
    <p class='ocr_par' dir='ltr' id='par_1_2' title="bbox 388 310 2422 594">
     <span class='ocr_line' id='line_1_2' title="bbox 533 310 2422 381; baseline 0.001 -16"><span class='ocrx_word' id='word_1_4' title='bbox 533 311 720 366; x_wconf 84' lang='lat' dir='ltr'><em>Nolim</em></span> <span class='ocrx_word' id='word_1_5' title='bbox 755 310 1072 381; x_wconf 74' lang='lat' dir='ltr'>praecisum</span> <span class='ocrx_word' id='word_1_6' title='bbox 1108 313 1278 380; x_wconf 78' lang='lat' dir='ltr'>atque</span> <span class='ocrx_word' id='word_1_7' title='bbox 1318 313 1595 366; x_wconf 76' lang='lat' dir='ltr'>omasum:</span> <span class='ocrx_word' id='word_1_8' title='bbox 1632 328 1764 366; x_wconf 74' lang='lat' dir='ltr'>nam</span> <span class='ocrx_word' id='word_1_9' title='bbox 1789 312 1962 367; x_wconf 76' lang='lat' dir='ltr'>variis</span> <span class='ocrx_word' id='word_1_10' title='bbox 1989 313 2162 366; x_wconf 75' lang='lat' dir='ltr'>modis</span> <span class='ocrx_word' id='word_1_11' title='bbox 2188 313 2422 367; x_wconf 74' lang='lat' dir='ltr'>initium</span> 
     </span>
     <span class='ocr_line' id='line_1_3' title="bbox 388 381 2416 466; baseline -0 -29"><span class='ocrx_word' id='word_1_12' title='bbox 388 398 574 438; x_wconf 73' lang='lat' dir='ltr'>versus</span> <span class='ocrx_word' id='word_1_13' title='bbox 616 384 865 453; x_wconf 78' lang='lat' dir='ltr'>suppleri</span> <span class='ocrx_word' id='word_1_14' title='bbox 900 390 1104 452; x_wconf 78' lang='lat' dir='ltr'>potest,</span> <span class='ocrx_word' id='word_1_15' title='bbox 1151 400 1194 438; x_wconf 86' lang='lat' dir='ltr'>e.</span> <span class='ocrx_word' id='word_1_16' title='bbox 1232 400 1277 438; x_wconf 90' lang='lat' dir='ltr'>c.</span> <span class='ocrx_word' id='word_1_17' title='bbox 1325 398 1414 436; x_wconf 91' lang='lat' dir='ltr'>em</span> <span class='ocrx_word' id='word_1_18' title='bbox 1457 383 1540 437; x_wconf 82' lang='lat' dir='ltr'>vel</span> <span class='ocrx_word' id='word_1_19' title='bbox 1574 381 1690 463; x_wconf 77' lang='lat' dir='ltr'>iam</span> <span class='ocrx_word' id='word_1_20' title='bbox 1720 383 2119 463; x_wconf 35' lang='lat' dir='ltr'>praemitur-ado</span> <span class='ocrx_word' id='word_1_21' title='bbox 2219 382 2416 466; x_wconf 32' lang='lat' dir='ltr'>&#39;callus</span> 
     </span>
     <span class='ocr_line' id='line_1_4' title="bbox 389 452 2418 594; baseline 0 -16"><span class='ocrx_word' id='word_1_22' title='bbox 389 453 951 594; x_wconf 46' lang='lat' dir='ltr'>gffflffffffssiffess</span> <span class='ocrx_word' id='word_1_23' title='bbox 976 453 1293 580; x_wconf 57' lang='grc' dir='ltr'><em>ἓέῗᾞὲἔᾶ·</em></span> <span class='ocrx_word' id='word_1_24' title='bbox 1319 452 2418 594; x_wconf 56' lang='lat' dir='ltr'>¹Z1Z‘31d1202351.ffg{a{h¹2·⁸3¹2‘s&#39;b²”·³⁰⁷</span> 
     </span>
    </p>
   </div>
   <div class='ocr_carea' id='block_1_3' title="bbox 530 673 1812 860">
    <p class='ocr_par' dir='ltr' id='par_1_3' title="bbox 530 673 1812 860">
     <span class='ocr_line' id='line_1_5' title="bbox 1241 673 1562 733; baseline -0.003 0"><span class='ocrx_word' id='word_1_25' title='bbox 1241 673 1562 733; x_wconf 80' lang='lat' dir='ltr'><strong>PAELEX</strong></span> 
     </span>
     <span class='ocr_line' id='line_1_6' title="bbox 530 789 1812 860; baseline 0.001 -16"><span class='ocrx_word' id='word_1_26' title='bbox 530 789 610 844; x_wconf 84' lang='lat' dir='ltr'>cf.</span> <span class='ocrx_word' id='word_1_27' title='bbox 651 790 919 859; x_wconf 77' lang='grc' dir='ltr'><strong><em>Παλλακή</em></strong></span> <span class='ocrx_word' id='word_1_28' title='bbox 956 790 1209 845; x_wconf 74' lang='lat' dir='ltr'>Alexidis</span> <span class='ocrx_word' id='word_1_29' title='bbox 1245 789 1542 845; x_wconf 79' lang='lat' dir='ltr'>Menandri</span> <span class='ocrx_word' id='word_1_30' title='bbox 1579 790 1812 860; x_wconf 88' lang='lat' dir='ltr'>Diphili.</span> 
     </span>
    </p>
   </div>
   <div class='ocr_carea' id='block_1_4' title="bbox 390 898 1774 986">
    <p class='ocr_par' dir='ltr' id='par_1_4' title="bbox 390 898 1774 986">
     <span class='ocr_line' id='line_1_7' title="bbox 390 898 1774 986; baseline 0.001 -23"><span class='ocrx_word' id='word_1_31' title='bbox 390 898 628 964; x_wconf 78' lang='lat' dir='ltr'>Desine</span> <span class='ocrx_word' id='word_1_32' title='bbox 674 900 840 965; x_wconf 87' lang='lat' dir='ltr'>socri</span> <span class='ocrx_word' id='word_1_33' title='bbox 887 904 1030 986; x_wconf 89' lang='lat' dir='ltr'>tu0,</span> <span class='ocrx_word' id='word_1_34' title='bbox 1075 900 1260 965; x_wconf 70' lang='lat' dir='ltr'>fratri</span> <span class='ocrx_word' id='word_1_35' title='bbox 1308 899 1590 985; x_wconf 75' lang='lat' dir='ltr'>patrueli</span> <span class='ocrx_word' id='word_1_36' title='bbox 1631 922 1774 965; x_wconf 91' lang='lat' dir='ltr'>meo</span> 
     </span>
    </p>
   </div>
   <div class='ocr_carea' id='block_1_5' title="bbox 388 1010 2424 1163">
    <p class='ocr_par' dir='ltr' id='par_1_5' title="bbox 388 1010 2424 1163">
     <span class='ocr_line' id='line_1_8' title="bbox 531 1010 2424 1090; baseline 0.001 -17"><span class='ocrx_word' id='word_1_37' title='bbox 531 1020 749 1074; x_wconf 87' lang='lat' dir='ltr'>Nonius</span> <span class='ocrx_word' id='word_1_38' title='bbox 778 1027 898 1090; x_wconf 87' lang='grc'><strong>223,</strong></span> <span class='ocrx_word' id='word_1_39' title='bbox 929 1027 994 1075; x_wconf 90' lang='grc'>21</span> <span class='ocrx_word' id='word_1_40' title='bbox 1047 1022 1312 1076; x_wconf 89' lang='lat' dir='ltr'>‘socrus</span> <span class='ocrx_word' id='word_1_41' title='bbox 1360 1023 1419 1076; x_wconf 85' lang='lat' dir='ltr'>et</span> <span class='ocrx_word' id='word_1_42' title='bbox 1453 1020 1765 1075; x_wconf 86' lang='lat' dir='ltr'>masculino</span> <span class='ocrx_word' id='word_1_43' title='bbox 1801 1037 2004 1090; x_wconf 83' lang='lat' dir='ltr'>genere</span> <span class='ocrx_word' id='word_1_44' title='bbox 2042 1010 2261 1076; x_wconf 83' lang='lat' dir='ltr'>ueteres</span> <span class='ocrx_word' id='word_1_45' title='bbox 2300 1020 2424 1075; x_wconf 91' lang='lat' dir='ltr'>dici</span> 
     </span>
     <span class='ocr_line' id='line_1_9' title="bbox 388 1090 2027 1163; baseline 0 -18"><span class='ocrx_word' id='word_1_46' title='bbox 388 1107 555 1160; x_wconf 90' lang='lat' dir='ltr'>posse</span> <span class='ocrx_word' id='word_1_47' title='bbox 592 1091 930 1147; x_wconf 87' lang='lat' dir='ltr'>uoluerunt.’</span> <span class='ocrx_word' id='word_1_48' title='bbox 971 1092 1264 1163; x_wconf 82' lang='lat' dir='ltr'>(Pelliee</span> <span class='ocrx_word' id='word_1_49' title='bbox 1300 1092 1538 1147; x_wconf 86' lang='lat' dir='ltr'>Bothius</span> <span class='ocrx_word' id='word_1_50' title='bbox 1573 1091 1837 1162; x_wconf 81' lang='lat' dir='ltr'>pellice</span> <span class='ocrx_word' id='word_1_51' title='bbox 1874 1090 2027 1160; x_wconf 88' lang='lat' dir='ltr'>libri)</span> 
     </span>
    </p>
   </div>
   <div class='ocr_carea' id='block_1_6' title="bbox 396 1198 2422 1340">
    <p class='ocr_par' dir='ltr' id='par_1_6' title="bbox 396 1198 2422 1340">
     <span class='ocr_line' id='line_1_10' title="bbox 532 1198 2422 1268; baseline 0.001 -16"><span class='ocrx_word' id='word_1_52' title='bbox 532 1198 752 1268; x_wconf 83' lang='lat' dir='ltr'>desine,</span> <span class='ocrx_word' id='word_1_53' title='bbox 796 1216 866 1255; x_wconf 77' lang='lat' dir='ltr'>sc.</span> <span class='ocrx_word' id='word_1_54' title='bbox 909 1201 1050 1255; x_wconf 77' lang='lat' dir='ltr'>male</span> <span class='ocrx_word' id='word_1_55' title='bbox 1093 1201 1269 1256; x_wconf 80' lang='lat' dir='ltr'>dicere</span> <span class='ocrx_word' id='word_1_56' title='bbox 1324 1198 1506 1253; x_wconf 84' lang='lat' dir='ltr'>desim</span> <span class='ocrx_word' id='word_1_57' title='bbox 1543 1199 1780 1254; x_wconf 76' lang='lat' dir='ltr'>Bothius</span> <span class='ocrx_word' id='word_1_58' title='bbox 1923 1198 2108 1253; x_wconf 86' lang='lat' dir='ltr'>socrui</span> <span class='ocrx_word' id='word_1_59' title='bbox 2146 1200 2201 1253; x_wconf 91' lang='lat' dir='ltr'><em>P</em></span> <span class='ocrx_word' id='word_1_60' title='bbox 2252 1215 2422 1254; x_wconf 88' lang='lat' dir='ltr'>socru</span> 
     </span>
     <span class='ocr_line' id='line_1_11' title="bbox 396 1269 2084 1340; baseline -0.001 -14"><span class='ocrx_word' id='word_1_61' title='bbox 396 1269 685 1340; x_wconf 72' lang='lat' dir='ltr'>Quicherat</span> <span class='ocrx_word' id='word_1_62' title='bbox 722 1286 880 1324; x_wconf 89' lang='lat' dir='ltr'>socro</span> <span class='ocrx_word' id='word_1_63' title='bbox 918 1271 1155 1326; x_wconf 76' lang='lat' dir='ltr'>Bothius</span> <span class='ocrx_word' id='word_1_64' title='bbox 1259 1269 1505 1340; x_wconf 78' lang='lat' dir='ltr'>patrueli</span> <span class='ocrx_word' id='word_1_65' title='bbox 1546 1270 1778 1325; x_wconf 78' lang='lat' dir='ltr'>Guietus</span> <span class='ocrx_word' id='word_1_66' title='bbox 1812 1270 2004 1339; x_wconf 86' lang='lat' dir='ltr'>patrui</span> <span class='ocrx_word' id='word_1_67' title='bbox 2042 1291 2084 1324; x_wconf 87' lang='grc' dir='ltr'>ω</span> 
     </span>
    </p>
   </div>
   <div class='ocr_carea' id='block_1_7' title="bbox 392 1418 2521 2352">
    <p class='ocr_par' dir='ltr' id='par_1_7' title="bbox 392 1418 2521 2352">
     <span class='ocr_line' id='line_1_12' title="bbox 1165 1418 2490 1489; baseline -0.003 -11"><span class='ocrx_word' id='word_1_68' title='bbox 1165 1418 1646 1479; x_wconf 79' lang='lat' dir='ltr'><strong>PERSONATA</strong></span> <span class='ocrx_word' id='word_1_69' title='bbox 2487 1484 2490 1489; x_wconf 89' lang='lat'>.</span> 
     </span>
     <span class='ocr_line' id='line_1_13' title="bbox 525 1519 2521 1616; baseline 0.001 -32"><span class='ocrx_word' id='word_1_70' title='bbox 525 1519 753 1586; x_wconf 83' lang='lat' dir='ltr'>Festus</span> <span class='ocrx_word' id='word_1_71' title='bbox 781 1545 842 1607; x_wconf 91' lang='lat' dir='ltr'>p.</span> <span class='ocrx_word' id='word_1_72' title='bbox 863 1521 991 1584; x_wconf 79' lang='lat'>217</span> <span class='ocrx_word' id='word_1_73' title='bbox 1012 1519 1097 1586; x_wconf 89' lang='grc' dir='ltr'>Μ.</span> <span class='ocrx_word' id='word_1_74' title='bbox 1127 1520 1585 1587; x_wconf 75' lang='lat' dir='ltr'>‘Personata</span> <span class='ocrx_word' id='word_1_75' title='bbox 1621 1520 1841 1585; x_wconf 88' lang='lat' dir='ltr'>fabula</span> <span class='ocrx_word' id='word_1_76' title='bbox 1869 1521 2180 1606; x_wconf 82' lang='lat' dir='ltr'>quaedam</span> <span class='ocrx_word' id='word_1_77' title='bbox 2205 1520 2423 1587; x_wconf 89' lang='lat' dir='ltr'>Naeui</span> <span class='ocrx_word' id='word_1_78' title='bbox 2508 1607 2521 1616; x_wconf 29' lang='grc' dir='ltr'>ι</span> 
     </span>
     <span class='ocr_line' id='line_1_14' title="bbox 393 1627 2425 1713; baseline 0.001 -22"><span class='ocrx_word' id='word_1_79' title='bbox 393 1627 794 1713; x_wconf 75' lang='lat' dir='ltr'>inscribitur,</span> <span class='ocrx_word' id='word_1_80' title='bbox 860 1650 1053 1712; x_wconf 92' lang='lat' dir='ltr'>quam</span> <span class='ocrx_word' id='word_1_81' title='bbox 1115 1631 1352 1712; x_wconf 85' lang='lat' dir='ltr'>putant</span> <span class='ocrx_word' id='word_1_82' title='bbox 1406 1628 1668 1712; x_wconf 90' lang='lat' dir='ltr'>quidam</span> <span class='ocrx_word' id='word_1_83' title='bbox 1719 1628 2004 1712; x_wconf 85' lang='lat' dir='ltr'>primum</span> <span class='ocrx_word' id='word_1_84' title='bbox 2060 1628 2325 1713; x_wconf 87' lang='lat' dir='ltr'>[actam]</span> <span class='ocrx_word' id='word_1_85' title='bbox 2383 1651 2425 1693; x_wconf 84' lang='lat' dir='ltr'>a</span> 
     </span>
     <span class='ocr_line' id='line_1_15' title="bbox 392 1728 2424 1819; baseline 0.001 -22"><span class='ocrx_word' id='word_1_86' title='bbox 392 1734 754 1817; x_wconf 86' lang='lat' dir='ltr'>personatis</span> <span class='ocrx_word' id='word_1_87' title='bbox 812 1733 1255 1800; x_wconf 80' lang='lat' dir='ltr'>histrionibus.</span> <span class='ocrx_word' id='word_1_88' title='bbox 1348 1734 1462 1799; x_wconf 88' lang='lat' dir='ltr'>sed</span> <span class='ocrx_word' id='word_1_89' title='bbox 1520 1756 1666 1800; x_wconf 90' lang='lat' dir='ltr'>cum</span> <span class='ocrx_word' id='word_1_90' title='bbox 1718 1738 1869 1819; x_wconf 82' lang='lat' dir='ltr'>post</span> <span class='ocrx_word' id='word_1_91' title='bbox 1922 1728 2162 1800; x_wconf 86' lang='lat' dir='ltr'>multos</span> <span class='ocrx_word' id='word_1_92' title='bbox 2216 1757 2424 1800; x_wconf 89' lang='lat' dir='ltr'>annos</span> 
     </span>
     <span class='ocr_line' id='line_1_16' title="bbox 395 1840 2426 1927; baseline 0.001 -24"><span class='ocrx_word' id='word_1_93' title='bbox 395 1840 685 1905; x_wconf 88' lang='lat' dir='ltr'>comoedi</span> <span class='ocrx_word' id='word_1_94' title='bbox 734 1843 798 1905; x_wconf 91' lang='lat' dir='ltr'>et</span> <span class='ocrx_word' id='word_1_95' title='bbox 845 1841 1137 1927; x_wconf 86' lang='lat' dir='ltr'>tragoedi</span> <span class='ocrx_word' id='word_1_96' title='bbox 1181 1841 1473 1925; x_wconf 89' lang='lat' dir='ltr'>personis</span> <span class='ocrx_word' id='word_1_97' title='bbox 1518 1842 1618 1906; x_wconf 91' lang='lat' dir='ltr'>uti</span> <span class='ocrx_word' id='word_1_98' title='bbox 1664 1841 2017 1926; x_wconf 86' lang='lat' dir='ltr'>coeperint,</span> <span class='ocrx_word' id='word_1_99' title='bbox 2062 1841 2200 1905; x_wconf 90' lang='lat' dir='ltr'>ueri</span> <span class='ocrx_word' id='word_1_100' title='bbox 2247 1842 2426 1906; x_wconf 88' lang='lat' dir='ltr'>simi-</span> 
     </span>
     <span class='ocr_line' id='line_1_17' title="bbox 392 1944 2427 2034; baseline 0.002 -24"><span class='ocrx_word' id='word_1_101' title='bbox 392 1944 520 2011; x_wconf 93' lang='lat' dir='ltr'>lius</span> <span class='ocrx_word' id='word_1_102' title='bbox 584 1949 681 2011; x_wconf 89' lang='lat' dir='ltr'>est</span> <span class='ocrx_word' id='word_1_103' title='bbox 747 1968 888 2012; x_wconf 90' lang='lat' dir='ltr'>eam</span> <span class='ocrx_word' id='word_1_104' title='bbox 950 1945 1236 2012; x_wconf 82' lang='lat' dir='ltr'>fabulam</span> <span class='ocrx_word' id='word_1_105' title='bbox 1297 1951 1566 2033; x_wconf 88' lang='lat' dir='ltr'>propter</span> <span class='ocrx_word' id='word_1_106' title='bbox 1631 1947 1915 2034; x_wconf 89' lang='lat' dir='ltr'>inopiam</span> <span class='ocrx_word' id='word_1_107' title='bbox 1970 1948 2427 2014; x_wconf 89' lang='lat' dir='ltr'>comoedorum</span> 
     </span>
     <span class='ocr_line' id='line_1_18' title="bbox 395 2052 2429 2140; baseline 0.001 -23"><span class='ocrx_word' id='word_1_108' title='bbox 395 2056 604 2118; x_wconf 88' lang='lat' dir='ltr'>actam</span> <span class='ocrx_word' id='word_1_109' title='bbox 651 2076 890 2119; x_wconf 89' lang='lat' dir='ltr'>nouam</span> <span class='ocrx_word' id='word_1_110' title='bbox 934 2075 1052 2139; x_wconf 89' lang='lat' dir='ltr'>per</span> <span class='ocrx_word' id='word_1_111' title='bbox 1085 2052 1440 2140; x_wconf 88' lang='lat' dir='ltr'>Atellanos,</span> <span class='ocrx_word' id='word_1_112' title='bbox 1488 2055 1601 2139; x_wconf 90' lang='lat' dir='ltr'>qui</span> <span class='ocrx_word' id='word_1_113' title='bbox 1636 2055 1896 2140; x_wconf 88' lang='lat' dir='ltr'>proprie</span> <span class='ocrx_word' id='word_1_114' title='bbox 1932 2059 2249 2120; x_wconf 88' lang='lat' dir='ltr'>uocantur</span> <span class='ocrx_word' id='word_1_115' title='bbox 2282 2078 2429 2139; x_wconf 88' lang='lat' dir='ltr'>per-</span> 
     </span>
     <span class='ocr_line' id='line_1_19' title="bbox 394 2160 2425 2247; baseline 0.001 -24"><span class='ocrx_word' id='word_1_116' title='bbox 394 2160 633 2245; x_wconf 91' lang='lat' dir='ltr'>sonati,</span> <span class='ocrx_word' id='word_1_117' title='bbox 690 2161 843 2245; x_wconf 89' lang='lat' dir='ltr'>quia</span> <span class='ocrx_word' id='word_1_118' title='bbox 887 2161 989 2225; x_wconf 89' lang='lat' dir='ltr'>ius</span> <span class='ocrx_word' id='word_1_119' title='bbox 1034 2163 1132 2226; x_wconf 88' lang='lat' dir='ltr'>est</span> <span class='ocrx_word' id='word_1_120' title='bbox 1177 2161 1233 2225; x_wconf 93' lang='lat' dir='ltr'>is</span> <span class='ocrx_word' id='word_1_121' title='bbox 1281 2182 1415 2226; x_wconf 90' lang='lat' dir='ltr'>non</span> <span class='ocrx_word' id='word_1_122' title='bbox 1460 2160 1605 2247; x_wconf 84' lang='lat' dir='ltr'>cogi</span> <span class='ocrx_word' id='word_1_123' title='bbox 1651 2161 1719 2225; x_wconf 91' lang='lat' dir='ltr'>in</span> <span class='ocrx_word' id='word_1_124' title='bbox 1765 2182 1955 2226; x_wconf 90' lang='lat' dir='ltr'>scena</span> <span class='ocrx_word' id='word_1_125' title='bbox 1998 2183 2234 2245; x_wconf 87' lang='lat' dir='ltr'>ponere</span> <span class='ocrx_word' id='word_1_126' title='bbox 2279 2184 2425 2246; x_wconf 87' lang='lat' dir='ltr'>per-</span> 
     </span>
     <span class='ocr_line' id='line_1_20' title="bbox 393 2266 2279 2352; baseline 0.001 -22"><span class='ocrx_word' id='word_1_127' title='bbox 393 2287 645 2352; x_wconf 86' lang='lat' dir='ltr'>sonam,</span> <span class='ocrx_word' id='word_1_128' title='bbox 693 2267 867 2351; x_wconf 91' lang='lat' dir='ltr'>quod</span> <span class='ocrx_word' id='word_1_129' title='bbox 911 2267 1139 2333; x_wconf 90' lang='lat' dir='ltr'>ceteris</span> <span class='ocrx_word' id='word_1_130' title='bbox 1182 2266 1614 2333; x_wconf 88' lang='lat' dir='ltr'>histrionibus</span> <span class='ocrx_word' id='word_1_131' title='bbox 1657 2268 1795 2351; x_wconf 90' lang='lat' dir='ltr'>pati</span> <span class='ocrx_word' id='word_1_132' title='bbox 1840 2288 2095 2332; x_wconf 85' lang='lat' dir='ltr'>necesse</span> <span class='ocrx_word' id='word_1_133' title='bbox 2142 2268 2279 2332; x_wconf 64' lang='lat' dir='ltr'>est?</span> 
     </span>
    </p>
   </div>
   <div class='ocr_carea' id='block_1_8' title="bbox 395 2372 2420 2742">
    <p class='ocr_par' dir='ltr' id='par_1_8' title="bbox 395 2372 2420 2742">
     <span class='ocr_line' id='line_1_21' title="bbox 477 2372 2419 2468; baseline 0.002 -28"><span class='ocrx_word' id='word_1_134' title='bbox 477 2457 490 2468; x_wconf 90' lang='lat'>.</span> <span class='ocrx_word' id='word_1_135' title='bbox 535 2387 655 2441; x_wconf 83' lang='lat' dir='ltr'>Hoc</span> <span class='ocrx_word' id='word_1_136' title='bbox 693 2388 838 2443; x_wconf 66' lang='lat' dir='ltr'>dixit,</span> <span class='ocrx_word' id='word_1_137' title='bbox 865 2388 1119 2444; x_wconf 71' lang='lat' dir='ltr'>Verrius:</span> <span class='ocrx_word' id='word_1_138' title='bbox 1157 2372 1347 2443; x_wconf 69' lang='lat' dir='ltr'>actam</span> <span class='ocrx_word' id='word_1_139' title='bbox 1385 2405 1506 2443; x_wconf 76' lang='lat' dir='ltr'>esse</span> <span class='ocrx_word' id='word_1_140' title='bbox 1542 2388 1689 2443; x_wconf 72' lang='lat' dir='ltr'>hane</span> <span class='ocrx_word' id='word_1_141' title='bbox 1724 2388 1980 2442; x_wconf 78' lang='lat' dir='ltr'>fabulam</span> <span class='ocrx_word' id='word_1_142' title='bbox 2019 2388 2091 2442; x_wconf 77' lang='lat' dir='ltr'>ab</span> <span class='ocrx_word' id='word_1_143' title='bbox 2120 2388 2419 2457; x_wconf 71' lang='lat' dir='ltr'>Atellanis,</span> 
     </span>
     <span class='ocr_line' id='line_1_22' title="bbox 395 2458 2420 2542; baseline 0.001 -31"><span class='ocrx_word' id='word_1_144' title='bbox 395 2475 493 2526; x_wconf 90' lang='lat' dir='ltr'>qu1</span> <span class='ocrx_word' id='word_1_145' title='bbox 519 2458 1043 2541; x_wconf 35' lang='lat' dir='ltr'>proprie-dicantur·</span> <span class='ocrx_word' id='word_1_146' title='bbox 1058 2460 1362 2541; x_wconf 78' lang='lat' dir='ltr'>personati.</span> <span class='ocrx_word' id='word_1_147' title='bbox 1420 2460 1569 2514; x_wconf 88' lang='lat' dir='ltr'>Nam</span> <span class='ocrx_word' id='word_1_148' title='bbox 1595 2458 1773 2513; x_wconf 89' lang='lat' dir='ltr'>multo</span> <span class='ocrx_word' id='word_1_149' title='bbox 1803 2461 1935 2513; x_wconf 87' lang='lat' dir='ltr'>ante</span> <span class='ocrx_word' id='word_1_150' title='bbox 1964 2476 2136 2541; x_wconf 73' lang='lat' dir='ltr'>quam</span> <span class='ocrx_word' id='word_1_151' title='bbox 2163 2460 2420 2542; x_wconf 80' lang='lat' dir='ltr'>comoedi</span> 
     </span>
     <span class='ocr_line' id='line_1_23' title="bbox 395 2530 2420 2724; baseline 0.002 -70"><span class='ocrx_word' id='word_1_152' title='bbox 395 2530 1633 2724; x_wconf 49' lang='grc' dir='ltr'>ἓὲθὲἷᾷἧῗθξοεξέἔεέῗεθαιιώεοῗίοθὲἓέἓέἓέθ</span> <span class='ocrx_word' id='word_1_153' title='bbox 1650 2530 2420 2672; x_wconf 44' lang='grc' dir='ltr'>ξξὲὃὲῗςίεἰῗηθὲοξθῖξξέ</span> 
     </span>
     <span class='ocr_line' id='line_1_24' title="bbox 396 2671 2299 2742; baseline 0.001 -16"><span class='ocrx_word' id='word_1_154' title='bbox 396 2671 437 2726; x_wconf 84' lang='lat' dir='ltr'>C</span> <span class='ocrx_word' id='word_1_155' title='bbox 467 2716 477 2726; x_wconf 94' lang='lat'>.</span> <span class='ocrx_word' id='word_1_156' title='bbox 514 2672 646 2727; x_wconf 80' lang='lat' dir='ltr'>hist.</span> <span class='ocrx_word' id='word_1_157' title='bbox 683 2688 836 2742; x_wconf 90' lang='lat' dir='ltr'>poes.</span> <span class='ocrx_word' id='word_1_158' title='bbox 875 2673 1033 2728; x_wconf 89' lang='lat' dir='ltr'>Rom.</span> <span class='ocrx_word' id='word_1_159' title='bbox 1071 2673 1124 2726; x_wconf 84' lang='lat'>1²</span> <span class='ocrx_word' id='word_1_160' title='bbox 1159 2679 1265 2727; x_wconf 82' lang='lat'>210</span> <span class='ocrx_word' id='word_1_161' title='bbox 1300 2673 1389 2729; x_wconf 88' lang='lat' dir='ltr'>Fr.</span> <span class='ocrx_word' id='word_1_162' title='bbox 1428 2673 1589 2727; x_wconf 86' lang='lat' dir='ltr'>Marx</span> <span class='ocrx_word' id='word_1_163' title='bbox 1626 2672 1834 2742; x_wconf 81' lang='lat' dir='ltr'>encycl.</span> <span class='ocrx_word' id='word_1_164' title='bbox 1873 2672 2032 2727; x_wconf 87' lang='lat' dir='ltr'>Paul.</span> <span class='ocrx_word' id='word_1_165' title='bbox 2071 2672 2125 2726; x_wconf 81' lang='lat'>1²</span> <span class='ocrx_word' id='word_1_166' title='bbox 2163 2680 2299 2728; x_wconf 83' lang='lat'>1916</span> 
     </span>
    </p>
   </div>
   <div class='ocr_carea' id='block_1_9' title="bbox 538 2822 2054 3009">
    <p class='ocr_par' dir='ltr' id='par_1_9' title="bbox 538 2822 2054 3009">
     <span class='ocr_line' id='line_1_25' title="bbox 1186 2822 1629 2884; baseline 0 -2"><span class='ocrx_word' id='word_1_167' title='bbox 1186 2822 1629 2884; x_wconf 78' lang='lat' dir='ltr'>PROIEGTVS</span> 
     </span>
     <span class='ocr_line' id='line_1_26' title="bbox 538 2938 2054 3009; baseline 0.001 -17"><span class='ocrx_word' id='word_1_168' title='bbox 538 2938 838 2993; x_wconf 72' lang='lat' dir='ltr'>Pnomcrvs</span> <span class='ocrx_word' id='word_1_169' title='bbox 875 2938 912 2994; x_wconf 94' lang='lat' dir='ltr'>i.</span> <span class='ocrx_word' id='word_1_170' title='bbox 943 2956 990 2995; x_wconf 91' lang='lat' dir='ltr'>e.</span> <span class='ocrx_word' id='word_1_171' title='bbox 1028 2939 1346 3009; x_wconf 86' lang='lat' dir='ltr'>Expositus.</span> <span class='ocrx_word' id='word_1_172' title='bbox 1421 2938 1501 2994; x_wconf 87' lang='lat' dir='ltr'>Cf.</span> <span class='ocrx_word' id='word_1_173' title='bbox 1539 2938 1731 2993; x_wconf 87' lang='lat' dir='ltr'>Plauti</span> <span class='ocrx_word' id='word_1_174' title='bbox 1767 2938 1900 2994; x_wconf 85' lang='lat' dir='ltr'>Cist.</span> <span class='ocrx_word' id='word_1_175' title='bbox 1935 2942 2054 2994; x_wconf 81' lang='lat'>124.</span> 
     </span>
    </p>
   </div>
   <div class='ocr_carea' id='block_1_10' title="bbox 401 3054 1674 3241">
    <p class='ocr_par' dir='ltr' id='par_1_10' title="bbox 401 3054 1674 3241">
     <span class='ocr_line' id='line_1_27' title="bbox 1388 3054 1420 3112; baseline 0 0"><span class='ocrx_word' id='word_1_176' title='bbox 1388 3054 1420 3112; x_wconf 95' lang='lat' dir='ltr'>I</span> 
     </span>
     <span class='ocr_line' id='line_1_28' title="bbox 401 3151 1674 3241; baseline 0.004 -26"><span class='ocrx_word' id='word_1_177' title='bbox 401 3202 416 3216; x_wconf 88' lang='lat'>.</span> <span class='ocrx_word' id='word_1_178' title='bbox 465 3203 479 3215; x_wconf 99' lang='lat'>.</span> <span class='ocrx_word' id='word_1_179' title='bbox 528 3203 541 3215; x_wconf 93' lang='lat'>.</span> <span class='ocrx_word' id='word_1_180' title='bbox 586 3151 864 3236; x_wconf 91' lang='lat' dir='ltr'>populus</span> <span class='ocrx_word' id='word_1_181' title='bbox 907 3154 1180 3241; x_wconf 74' lang='lat' dir='ltr'>patitur,</span> <span class='ocrx_word' id='word_1_182' title='bbox 1225 3159 1298 3220; x_wconf 83' lang='lat' dir='ltr'>tu</span> <span class='ocrx_word' id='word_1_183' title='bbox 1342 3155 1552 3240; x_wconf 68' lang='lat' dir='ltr'>patinis</span> <span class='ocrx_word' id='word_1_184' title='bbox 1599 3206 1613 3219; x_wconf 94' lang='lat'>.</span> <span class='ocrx_word' id='word_1_185' title='bbox 1661 3206 1674 3220; x_wconf 92' lang='lat'>.</span> 
     </span>
    </p>
   </div>
   <div class='ocr_carea' id='block_1_11' title="bbox 401 3272 2424 3488">
    <p class='ocr_par' dir='ltr' id='par_1_11' title="bbox 401 3272 2424 3488">
     <span class='ocr_line' id='line_1_29' title="bbox 544 3272 2424 3355; baseline 0.004 -30"><span class='ocrx_word' id='word_1_186' title='bbox 544 3272 841 3329; x_wconf 87' lang='lat' dir='ltr'>Diomedes</span> <span class='ocrx_word' id='word_1_187' title='bbox 877 3292 930 3355; x_wconf 86' lang='lat' dir='ltr'>p.</span> <span class='ocrx_word' id='word_1_188' title='bbox 958 3279 1061 3329; x_wconf 82' lang='lat'>395</span> <span class='ocrx_word' id='word_1_189' title='bbox 1089 3276 1149 3331; x_wconf 93' lang='lat' dir='ltr'>P.</span> <span class='ocrx_word' id='word_1_190' title='bbox 1192 3275 1351 3331; x_wconf 83' lang='lat' dir='ltr'>‘item</span> <span class='ocrx_word' id='word_1_191' title='bbox 1386 3275 1579 3346; x_wconf 87' lang='lat' dir='ltr'>patio</span> <span class='ocrx_word' id='word_1_192' title='bbox 1615 3274 1866 3330; x_wconf 86' lang='lat' dir='ltr'>Naeuius</span> <span class='ocrx_word' id='word_1_193' title='bbox 1903 3274 1964 3330; x_wconf 90' lang='lat' dir='ltr'>in</span> <span class='ocrx_word' id='word_1_194' title='bbox 2000 3275 2282 3333; x_wconf 85' lang='lat' dir='ltr'>Proiecto:</span> <span class='ocrx_word' id='word_1_195' title='bbox 2363 3295 2424 3333; x_wconf 89' lang='lat' dir='ltr'>o-</span> 
     </span>
     <span class='ocr_line' id='line_1_30' title="bbox 401 3296 2418 3424; baseline 0.004 -28"><span class='ocrx_word' id='word_1_196' title='bbox 401 3342 567 3424; x_wconf 70' lang='lat' dir='ltr'>pulus</span> <span class='ocrx_word' id='word_1_197' title='bbox 603 3344 836 3415; x_wconf 86' lang='lat' dir='ltr'>patitur,</span> <span class='ocrx_word' id='word_1_198' title='bbox 873 3345 1076 3416; x_wconf 80' lang='lat' dir='ltr'>inquit,</span> <span class='ocrx_word' id='word_1_199' title='bbox 1114 3349 1178 3401; x_wconf 86' lang='lat' dir='ltr'>tu</span> <span class='ocrx_word' id='word_1_200' title='bbox 1213 3365 1267 3417; x_wconf 86' lang='lat' dir='ltr'>p.</span> <span class='ocrx_word' id='word_1_201' title='bbox 1296 3364 1479 3402; x_wconf 90' lang='lat' dir='ltr'>moro</span> <span class='ocrx_word' id='word_1_202' title='bbox 1516 3346 1655 3401; x_wconf 92' lang='lat' dir='ltr'>item</span> <span class='ocrx_word' id='word_1_203' title='bbox 1680 3346 1931 3402; x_wconf 87' lang='lat' dir='ltr'>Naeuius</span> <span class='ocrx_word' id='word_1_204' title='bbox 1960 3345 2021 3402; x_wconf 89' lang='lat' dir='ltr'>in</span> <span class='ocrx_word' id='word_1_205' title='bbox 2049 3348 2246 3403; x_wconf 92' lang='lat' dir='ltr'>eodem</span> <span class='ocrx_word' id='word_1_206' title='bbox 2276 3296 2418 3422; x_wconf 59' lang='lat' dir='ltr'>[ffi’</span> 
     </span>
     <span class='ocr_line' id='line_1_31' title="bbox 401 3415 1125 3488; baseline 0.008 -22"><span class='ocrx_word' id='word_1_207' title='bbox 401 3418 499 3485; x_wconf 94' lang='lat' dir='ltr'>(1n</span> <span class='ocrx_word' id='word_1_208' title='bbox 535 3415 848 3484; x_wconf 84' lang='lat' dir='ltr'>prolecto</span> <span class='ocrx_word' id='word_1_209' title='bbox 884 3416 1125 3488; x_wconf 87' lang='lat' dir='ltr'>Monac.)</span> 
     </span>
    </p>
   </div>
   <div class='ocr_carea' id='block_1_12' title="bbox 542 3520 2425 3612">
    <p class='ocr_par' dir='ltr' id='par_1_12' title="bbox 542 3520 2425 3612">
     <span class='ocr_line' id='line_1_32' title="bbox 542 3520 2425 3612; baseline 0.005 -39"><span class='ocrx_word' id='word_1_210' title='bbox 542 3520 731 3612; x_wconf 73' lang='lat' dir='ltr'>patias</span> <span class='ocrx_word' id='word_1_211' title='bbox 769 3524 949 3579; x_wconf 79' lang='lat' dir='ltr'>Paris.</span> <span class='ocrx_word' id='word_1_212' title='bbox 980 3523 1036 3578; x_wconf 80' lang='lat' dir='ltr'><strong><em>A</em></strong></span> <span class='ocrx_word' id='word_1_213' title='bbox 1079 3541 1194 3579; x_wconf 89' lang='lat' dir='ltr'>non</span> <span class='ocrx_word' id='word_1_214' title='bbox 1237 3523 1432 3594; x_wconf 88' lang='lat' dir='ltr'>pacias</span> <span class='ocrx_word' id='word_1_215' title='bbox 1471 3525 1603 3581; x_wconf 85' lang='lat' dir='ltr'>Par.</span> <span class='ocrx_word' id='word_1_216' title='bbox 1633 3526 1689 3579; x_wconf 91' lang='lat' dir='ltr'><strong><em>B</em></strong></span> <span class='ocrx_word' id='word_1_217' title='bbox 1733 3525 1921 3596; x_wconf 86' lang='lat' dir='ltr'>potior</span> <span class='ocrx_word' id='word_1_218' title='bbox 1958 3526 2183 3582; x_wconf 77' lang='lat' dir='ltr'>Monac.</span> <span class='ocrx_word' id='word_1_219' title='bbox 2230 3526 2425 3596; x_wconf 86' lang='lat' dir='ltr'>patias</span> 
     </span>
    </p>
   </div>
  </div>
 </body>
</html>
