2610 4007
873 170 1130 226 LVSCIV
1133 170 1169 225 S
1205 170 1626 227 LANVVINVS
2175 174 2258 237 97

245 332 499 386 Donatus
544 329 606 385 in
648 331 685 386 l.
726 330 761 385 l.
804 330 1014 412 ‘arguit
1042 330 1352 392 ,Terentius
1407 331 1558 400 quod
1603 332 1835 387 Luscius
1891 335 2085 386 contra
2130 348 2260 387 con-

245 401 601 457 suetudinem
662 401 1012 473 litigantium
1077 402 1458 456 defensionem
1522 405 1651 456 ante
1707 402 2122 457 accusationem
2174 404 2260 457 in·

247 472 484 527 duxerit.
557 472 737 527 Huius
782 473 937 527 modi
983 472 1134 527 enim
1178 476 1265 528 est
1309 473 1497 528 Luscii
1553 478 1966 544 argumentum:
2023 474 2258 529 adule-

244 561 465 613 scens,
522 543 638 612 qui
691 561 832 598 rem
885 543 1300 599 familiarem
1345 546 1427 599 ad
1471 544 1883 613 nequitiam'
1934 545 2254 615 (‘nequitia’

241 614 553 684 Bentleius)
585 616 1052 685 ‘prodegerat,
1088 631 1355 669 seruum
1389 615 1614 670 mittit
1649 617 1731 670 ad
1768 615 1989 687 patris
2026 634 2257 671 monu-

242 689 565 755 mentum,
597 686 776 754 quod
813 703 1016 741 senex
1053 685 1190 741 sibi
1226 689 1427 740 uiuus
1464 687 1727 756 magnis
1766 685 2010 757 Opibus
2047 704 2256 757 appa-

242 760 547 825 rauerat‚
585 760 659 811 ut
696 758 762 810 id
803 756 1129 827 aperiret,
1167 757 1517 812 inlaturus
1557 759 1818 828 epulae,
1857 775 2023 827 quas
2058 761 2259 827 pater

242 832 399 899 post
436 845 680 882 annum
716 828 1051 882 decimum
1101 832 1385 883 cauerat
1431 828 1566 883 sibi
1612 829 1874 884 inferri.
1950 829 2066 883 sed
2113 845 2258 883 eum

241 917 364 1024 335
372 917 503 1024 Ἠ
531 897 1308 1025 ίέᾱῖῗέεὲἰῖἓῖῗὲἲέ
1343 901 2257 1041 “21221205535013'132512231313

240 1042 745 1096 monumentum
782 1041 1044 1096 auxilio
1082 1044 1241 1095 usus
1281 1042 1463 1095 senis
1501 1041 1899 1096 thesaurum
1936 1059 2080 1096 cum
2111 1043 2254 1112 epi-

240 1112 426 1167 stola
461 1111 721 1166 ibidem
757 1111 1077 1183 repperit.
1154 1115 1361 1167 senex
1404 1112 1799 1167 thesaurum
1844 1117 2186 1182 tamquam
2223 1131 2258 1167 a

239 1200 309 1238 se
354 1199 474 1264 per
519 1184 886 1238 tumultum
929 1182 1256 1238 hostilem
1300 1184 1458 1237 illic
1502 1183 1848 1238 defossum
1893 1184 2152 1240 retinet
2188 1188 2258 1239 et

152 1307 158 1310 .
239 1253 379 1308 sib1
416 1253 745 1309 uindicat.
821 1255 1225 1309 adulescens
1261 1254 1560 1309 iudicem
1597 1254 1811 1325 capit,
1849 1256 2026 1325 apud
2062 1272 2256 1324 quem

240 1325 428 1396 prior
456 1341 684 1395 senex,
714 1325 830 1394 qui
859 1343 1092 1380 aurum
1127 1324 1411 1395 retinet,
1442 1342 1713 1381 causam
1740 1343 1926 1380 suam
1954 1326 2052 1380 sic
2082 1326 2253 1396 agit:

240 1395 699 1451 Athenienses
877 1396 1268 1466 praedicem
1322 1399 1381 1450 et
1431 1399 1631 1451 cetera.
1707 1396 1861 1461 Quae
1913 1400 2108 1451 contra
2156 1414 2255 1451 na-

239 1470 428 1522 turam
475 1466 724 1536 iurisque
765 1467 1228 1532 ‚consuetudinem
1262 1468 1451 1537 posita
1489 1469 1839 1538 argumenta'
1890 1467 2124 1537 (‘arguit
2174 1469 2252 1522 et’

241 1537 551 1607 Bentleius)
610 1539 795 1594 ‘notat
838 1538 1159 1607 Terentius,
1209 1539 1362 1607 quod
1415 1538 1513 1592 ille
1570 1540 1703 1593 ordo
1757 1537 1944 1608 potior
1999 1541 2145 1607 erat,
2193 1542 2257 1592 ut

240 1609 571 1664 adulescens
607 1608 760 1679 prior
793 1612 1129 1691 proponeret
1166 1626 1411 1679 causam,
1450 1609 1547 1678 qui
1574 1609 1785 1679 petitor
1811 1608 2133 1663 inducitur.’
2174 1609 2254 1664 cf.

243 1678 536 1750 Θησαυρός
588 1680 1002 1735 Anaxandndis
1058 1680 1356 1735 Archedici
1412 1680 1651 1736 Cratetis
1713 1680 1979 1750 Dioxippi
2038 1680 2255 1750 Diphili

242 1751 562 1807 Menandri:
590 1769 724 1806 nam
741 1751 1084 1806 Philemonis
1111 1752 1367 1806 fabulam
1384 1752 1619 1806 Plautus
1643 1751 1814 1805 vertit
1833 1751 1893 1805 in
1912 1751 2249 1806 Trinummo

242 1822 612 1877 Menandrum
646 1822 833 1877 Luscii
871 1826 1156 1877 auctorem
1191 1822 1364 1877 fuisse
1392 1822 1704 1892 probabilis
1735 1826 1821 1877 est
1847 1822 2092 1878 virorum
2121 1823 2249 1877 doc-

239 1896 427 1948 torum
480 1892 814 1949 coniectura.
898 1893 1254 1949 senariorum
1307 1893 1551 1964 vestigia
1595 1894 1655 1947 in
1701 1894 2015 1964 argumenti
2063 1911 2254 1949 narra-

240 1964 395 2020 tione
443 1964 676 2036 agnovit
710 1965 823 2021 Leo
860 1982 999 2020 mus.
1037 1965 1213 2020 Rhen.
1255 1971 1340 2036 38,
1380 1971 1498 2021 322.

238 2091 693 2178 Athenienses,
738 2093 981 2157 bellum
1029 2114 1173 2157 cum
1218 2092 1696 2158 Rhodiensibus

241 2197 430 2276 Quod
473 2199 672 2264 fiierit
717 2199 873 2284 quid
919 2220 1038 2285 ego
1083 2199 1189 2263 hic
1233 2200 1638 2284 praedicem?
1684 2252 1696 2264 .
1745 2251 1757 2264 .
1807 2251 1820 2263 .
1870 2251 1884 2264 .

382 2308 415 2355 2
453 2302 604 2370 quod
641 2301 812 2356 fuerit
848 2302 1105 2376 <dudum
1140 2298 1347 2376 nobis>
1386 2302 1522 2372 quid
1560 2319 1606 2357 e.
1640 2312 1733 2372 p.?
1768 2305 1945 2374 suppl.
1984 2304 2253 2360 Dziatzko

236 2391 371 2428 ann.
404 2375 544 2444 phil.
585 2379 724 2429 1880
754 2392 813 2443 p.
852 2379 956 2428 812

801 2524 908 2583 EX
952 2523 1322 2585 INGERTIS
1370 2524 1707 2583 FABVLIS

1230 2639 1261 2697 Ι

415 2748 752 2814 Terentius
814 2749 989 2814 haut.
1034 2749 1195 2834 prol„
1245 2749 1332 2812 30
1379 2748 1489 2813 ‘ne
1548 2749 1658 2814 ille
1713 2772 1831 2834 pro
1887 2772 1957 2815 se
2012 2750 2254 2815 dictum

237 2855 615 2940 existumet,
687 2854 814 2933 Qui
858 2877 1062 2940 nuper
1107 2856 1262 2920 fecit
1305 2877 1493 2920 seruo
1540 2857 1821 2920 currenti
1867 2857 1937 2921 in
1980 2857 2088 2921 uia
2133 2857 2254 2923 De-

237 2962 434 3026 cesse'
481 2959 812 3048 (‘Dixisse’
851 2960 1090 3049 Bentl.)
1138 2962 1499 3047 ‘populumz
1546 2984 1659 3027 cur
1704 2964 1927 3029 insano
1974 2964 2254 3029 seruiat?

238 3065 333 3131 De
383 3068 561 3132 illius
608 3068 886 3152 peccatis
930 3068 1117 3153 plura
1164 3069 1348 3152 dicet,
1394 3089 1540 3133 cum
1585 3068 1766 3135 dabit
1810 3068 1991 3135 Alias
2035 3093 2254 3156 nouas,

240 3175 361 3238 nisi
406 3175 602 3239 finem
647 3174 1003 3239 maledictis
1048 3174 1242 3239 facit?

1217 3323 1279 3380 H

414 3422 752 3488 Terentius
793 3422 1052 3488 Phorm.
1094 3423 1255 3508 prol.
1294 3424 1339 3486 4
1387 3424 1544 3509 ‘qui'
1592 3422 1753 3511 (scil.
1800 3428 1991 3509 poeta
2035 3424 2251 3512 uetus)

245 3526 358 3593 ‘ita
403 3530 674 3616 dictitat,
722 3552 879 3615 quas
921 3520 1188 3595 antehac
1225 3530 1379 3608 fecit
1414 3530 1686 3595 fabulas'
1727 3527 1837 3618 (sc.
1869 3530 2254 3617 Terentius),

347 3642 503 3684 Scaen.
532 3654 654 3691 poss.
682 3644 811 3685 Rom.
839 3644 1002 3695 fragm.
1029 3643 1097 3684 ed„
1126 3644 1358 3686 annncx.
1390 3645 1452 3685 Π.
1902 3640 1930 3686 7
