2610 4007
354 186 435 250 78
565 259 572 265 ‚
1005 189 1375 245 CAECILIVS
1414 191 1713 245 STATIVS

350 348 636 404 Asinaria:
683 356 903 419 gerrae!
954 394 964 403 .
1007 393 1017 403 .
1060 394 1070 403 .
1110 350 1262 404 idem
1309 394 1320 405 .
1362 395 1373 405 .
1422 367 1689 421 congerro
1749 368 1930 420 meus,
1988 355 2053 407 ut
2107 353 2370 408 conlusor

350 437 522 488 meus,
551 420 649 488 qui
677 421 902 475 easdem
930 425 1187 475 exerceat
1213 440 1409 492 nugas,
1449 422 1724 477 Caecilius
1752 423 2057 479 Portitore:
2086 441 2185 478 cur
2213 426 2264 479 d.
2285 427 2366 494 g.'

493 527 833 596 depopulato
873 528 1017 581 F¹L
1150 545 1308 597 gerre
1346 530 1400 583 L
1523 528 1615 582 fur
1651 528 2022 598 depopulator
2057 546 2218 599 gerro
2256 531 2369 585 Ro-

347 600 486 653 scius
522 616 703 654 comm.
743 600 931 654 Plaut.
972 604 1093 667 282,
1129 617 1244 654 tno‘n
1279 602 1420 655 male
1456 599 1546 652 fur
1583 600 1634 653 d.
1675 602 1701 651 ΓΓ
1737 607 1957 669 gerrae!
1998 602 2371 672 Kiesslinyius

1126 719 1569 826 'PRocAMos

489 882 785 952 Πρόγαμοι
819 881 1150 937 Menandri?

1342 998 1372 1055 I

346 1097 445 1162 Ita
492 1097 664 1181 quod
706 1098 954 1162 laetitia
999 1101 1101 1163 me
1146 1099 1499 1183 mobilitat‚
1559 1102 1810 1164 maeror
1855 1100 2125 1165 molitur
2169 1106 2366 1166 metu,

487 1218 704 1273 Nonius
741 1225 861 1289 346,
903 1225 969 1273 14
1010 1220 1294 1289 ‘moliri‚
1332 1219 1589 1290 retinere,
1627 1221 1833 1276 morari
1871 1239 1938 1276 ac
1974 1222 2297 1292 repigrare.’

322 1377 324 1379 ,
351 1396 401 1451 G
487 1325 589 1452 ΑΖ
620 1334 823 1393 quom?
944 1326 1167 1381 laetitia
1195 1328 1506 1382 Palmerius
1542 1326 1735 1382 letiale
1765 1328 1983 1399 (latiale
2012 1329 2090 1398 P)
2120 1350 2162 1383 ω
2191 1328 2363 1384 letale

402 1415 536 1452 raue
589 1415 656 1452 us

347 1560 579 1624 audibo
1322 1495 1386 1553 Π

486 1663 631 1717 Vide
669 1664 740 1717 ad
776 1663 974 1738 Naucl.
1010 1665 1051 1719 I.

1226 1795 1468 1855 PVGIL

486 1911 566 1965 Cf.
607 1912 828 1980 Πύκτης
865 1910 1129 1965 Timoclis
1169 1915 1227 1965 et
1261 1912 1559 1966 Timothei.

343 2039 508 2102 Tum
544 2039 713 2103 inter
747 2039 1119 2104 luctandum
1154 2039 1327 2104 hunc
1363 2039 1665 2105 timidum
1708 2041 2000 2106 tremulis
2035 2041 2365 2125 palpebris

341 2144 680 2209 Percutere
724 2146 929 2209 nictu:
972 2144 1079 2209 hic
1123 2146 1399 2232 gaudere
1446 2150 1511 2210 et
1556 2148 1863 2211 mirarier.

484 2266 680 2320 Festus
716 2284 771 2334 p.
800 2273 863 2319 17
872 2272 898 2320 7
929 2267 1003 2322 M.
1046 2267 1344 2321 ‘nictare
1389 2270 1449 2321 et
1485 2268 1771 2322 oculorum
1808 2271 1865 2322 et
1899 2268 2141 2322 aliorum
2181 2285 2356 2322 mem-

341 2337 566 2391 brorum
610 2337 737 2390 nisu
783 2354 950 2406 saepe
997 2338 1214 2406 aliquid
1259 2338 1451 2392 conari
1502 2338 1715 2393 dictum
1762 2342 1848 2392 est
1886 2340 1958 2393 ab
1996 2338 2247 2407 antiquis
2286 2371 2356 2379 —

340 2441 411 2448 —
448 2408 595 2462 unde
632 2408 863 2477 quidam
898 2409 1280 2477 metationem,
1325 2409 1556 2477 quidam
1597 2410 1827 2478 nictum,
1869 2413 1934 2463 ut
1971 2410 2245 2464 Caecilius
2284 2410 2357 2463 in

339 2479 663 2549 pugilem:
700 2480 842 2532 tum’
876 2495 921 2534 e.
953 2498 1004 2548 q.
1032 2497 1073 2534 ε.
1129 2480 1338 2533 Paulus
1374 2499 1428 2549 p.
1461 2487 1561 2534 176
1590 2482 1663 2536 Μ.
1707 2481 1966 2534 ‘dicimus
1995 2481 2146 2535 enim
2172 2481 2355 2535 nicta-

340 2550 553 2605 tionem
590 2553 647 2604 et
680 2550 952 2605 nictum.
1029 2550 1331 2606 Caecilius:
1368 2551 1516 2605 hunc
1552 2552 1806 2606 tremulis
1842 2571 1896 2621 p.
1932 2570 1987 2620 p.
2026 2551 2222 2605 nictu.’

485 2663 511 2710 1
552 2656 879 2710 luctandum
914 2659 1110 2727 scripsi
1144 2657 1491 2711 laudandum
1526 2660 1640 2713 cod.
1677 2657 1984 2711 ludendum
2023 2659 2318 2714 Fruterius

1126 2824 1562 2885 SYMBOLVM

1327 2932 1357 2989 I

237 3046 338 3095 195
359 3029 677 3095 Destituit
722 3053 940 3096 omnes
985 3033 1205 3096 seruos
1251 3031 1331 3096 ad
1374 3054 1659 3096 mensam
1704 3033 1852 3097 ante
1896 3054 1979 3096 se.

479 3151 695 3206 Nonius
717 3159 837 3222 280,
859 3159 890 3206 2
924 3152 1251 3207 ‘destitui
1277 3170 1497 3206 rursum
1516 3152 1760 3208 statui..
1785 3153 1819 3207 .’
1854 3152 2149 3222 (Coelius
2167 3154 2352 3224 Bern.)

483 3274 578 3311 sex
614 3260 669 3313 B

1310 3339 1371 3396 II

337 3437 580 3501 Audire
626 3438 835 3524 ignoti
882 3462 1077 3523 quom
1121 3439 1442 3524 imperant
1486 3441 1688 3525 sole6‚
1733 3463 1864 3506 non
1909 3442 2283 3506 auscultare.

476 3558 693 3612 Nonius
737 3566 864 3629 246,
907 3567 973 3614 14
1033 3561 1465 3615 ‘auscultare
1521 3564 1608 3615 est
1663 3560 1896 3629 obsequi
1934 3604 1945 3615 .
1977 3604 1989 3616 .
2021 3605 2034 3616 .
2073 3561 2349 3616 Caecilius
