2610 4007
387 143 515 207 288
873 143 935 198 L.
971 142 1394 197 POMPONIVS
1430 141 1918 197 BONONIENSIS

528 302 746 356 Nonius
778 308 861 371 19,
892 308 960 356 22
1002 304 1410 357 ‘euannetur
1445 301 1661 356 dictum
1698 303 1786 356 est
1821 302 2126 356 uentiletur
2159 301 2256 356 uel
2292 318 2420 356 mo-

388 376 603 442 ueatur,
643 391 677 428 a
704 375 934 442 uannu‚’
965 372 1385 442 vuentilabiem-
1414 372 1508 427 uel
1543 373 1880 443 monebitur,
1918 390 1953 427 a
1988 374 2198 427 uanno’
2231 373 2419 427 Lach-

386 462 625 499 mannus
663 444 738 498 ad
773 444 949 499 Lucil.
980 448 1105 514 230)
1144 444 1226 499 ‘in
1259 461 1376 512 qua
1411 443 1701 515 legumina
1735 443 2122 499 uentilantur?

534 558 561 605 1
599 551 661 605 in
701 566 803 606 om.
833 550 922 604 ΗἸ
1100 548 1161 603 in
1207 548 1365 619 spica
1407 549 1576 620 palea
1621 553 1709 605 est
1753 551 2147 607 Lachmamms
2188 550 2416 605 infirma

388 623 560 677 ualua
597 624 685 677 est
721 622 845 676 Rue
888 621 949 675 in
988 620 1172 702 prima
1207 621 1380 675 uolua
1416 624 1504 676 est
1538 640 1580 676 x
1719 621 1890 676 miser
1925 623 2162 678 Bothius
2203 621 2418 676 misera

389 717 431 748 ω
471 711 596 748 sera
629 694 755 748 Bac
924 700 956 746 2
996 692 1178 746 socius
1213 693 1413 762 scripsi
1447 691 1602 747 ocius
1640 713 1684 747 ω
1721 695 1889 764 (tueri
1920 695 2137 749 videtur
2171 693 2288 750 Leo
2326 694 2416 748 ΡΙ.

391 766 460 819 F.
492 768 618 835 241)
655 763 836 818 otium
870 765 1264 819 Lachmanmws
1310 762 1535 818 occlusa
1571 764 1698 819 Bae
1847 766 1944 819 An
1988 764 2132 820 fias?
2288 780 2421 818 mea

388 836 572 891 fecero
610 851 783 905 opera
816 837 883 889 ut
916 835 1019 889 fiat
1054 834 1209 889 ocius
1244 853 1286 890 ιι·

395 1102 608 1181 Quid?
655 1102 799 1167 dedi
826 1101 1152 1188 nebuldni,
1190 1002 1796 1188 quemrzertssumst
1821 1102 2042 1188 (esse)
2067 1108 2427 1189 pauperem

538 1222 756 1278 Nonius
797 1229 881 1291 18,
911 1229 978 1277 32
1021 1223 1423 1305 ‘nebulones
1462 1226 1520 1277 et
1554 1223 1910 1279 tenebriones
1950 1223 2090 1278 dicti
2125 1229 2285 1295 sunt,
2324 1225 2430 1295 qui

394 1294 704 1350 mendaciis
743 1297 802 1349 et
846 1294 1075 1349 astutiis
1116 1294 1232 1349 suis
1268 1294 1537 1349 nebulam
1572 1296 1860 1363 quandam
1895 1298 1954 1349 et
1998 1269 2285 1350 tenebras
2301 1297 2427 1351 obi-

396 1366 572 1421 ciant'
604 1365 967 1436 (obiciebant‘
988 1369 1046 1436 x)
1078 1367 1202 1420 ‘aut
1236 1365 1441 1434 quibus
1475 1366 1549 1420 ad
1572 1312 1781 1436 {ugam
1818 1369 1876 1421 et
1909 1366 2062 1422 hirta
2088 1367 2231 1422 haec
2259 1372 2430 1423 erant

395 1437 819 1493 accommodata
856 1439 915 1491 et
950 1436 1157 1492 utilia!

536 1543 865 1614 pertisumst
909 1560 1029 1598 esse
1074 1544 1271 1613 scripsi
1323 1545 1638 1613 pertesum,
1696 1559 1797 1598 om.
1837 1560 1983 1613 esse,
2035 1566 2079 1599 ω
2133 1549 2434 1615 pertesum

394 1617 576 1672 Aldus
610 1618 930 1685 pertaesum
965 1617 1052 1669 est
1086 1615 1327 1670 Bothius
1466 1631 1772 1684 pauperem
1807 1627 1854 1685 ψ
1891 1632 2202 1685 pauperum
2240 1617 2363 1672 P1?

1378 1800 1435 1858 V

1379 1903 1719 1986 paenulam
1766 1901 1836 1967 sn
1882 1906 2073 1988 caput

290 2010 358 2060 95
397 1990 661 2077 Induce‚
706 2014 785 2057 ne
832 1994 897 2056 te
942 1991 1183 2057 ndscat.

541 2112 756 2168 Νοιιίιιε
794 2119 916 2184 537,
949 2119 978 2168 ’1
1021 2112 1350 2185 ‘paenula
1386 2115 1474 2167 est
1508 2113 1709 2183 uestis,
1758 2131 1929 2182 quam
1966 2130 2134 2183 supra
2169 2115 2436 2171 tunicam

401 2184 750 2255 accipimus?

545 2298 573 2346 1
612 2291 809 2347 incede
845 2293 939 2348 Ba
985 2293 1098 2347 ‘sed
1142 2308 1204 2346 ce
1250 2299 1315 2347 ut
1358 2292 1454 2347 vix
1490 2292 1668 2361 possit
1711 2298 1852 2348 certo
1899 2292 2031 2364 leyi'
2216 2311 2271 2363 p.
2317 2296 2326 2363 Ι
2370 2292 2434 2347 in

401 2366 575 2434 caput
609 2363 813 2419 induce
848 2383 914 2434 ω,
956 2366 1084 2432 fort.
1122 2364 1317 2418 melius

1367 2530 1454 2588 VI

402 2633 639 2698 Mulier
682 2631 797 2697 ubi
844 2633 1179 2717 conspexit
1224 2635 1357 2696 tam
1402 2630 1673 2696 mirifice
1719 2630 2064 2696 tutulatam
2109 2635 2324 2697 truam

544 2753 761 2809 Nonius
797 2760 881 2823 19,
913 2759 979 2808 15
1028 2755 1281 2807 ‘truam
1325 2755 1544 2807 ueteres
1592 2768 1627 2805 a
1670 2752 1931 2820 terendo,
1980 2769 2148 2821 quam
2193 2770 2297 2807 nos
2346 2755 2435 2808 di-

403 2825 679 2880 minutiue
715 2825 947 2880 trullam
983 2824 1238 2893 dicimus,
1276 2822 1552 2894 appellari
1589 2822 1927 2877 uoluerunt)

403 3007 450 3059 h
496 2932 839 3058 llconspexit
869 2933 1105 2988 Bothius
1142 2930 1363 3002 aspexit
1399 2951 1441 2984 ω
1478 2930 1595 2985 iam
1631 2929 1853 2999 aspexit
1886 2947 1928 2984 x
2051 2932 2239 2985 truam
2278 2931 2435 2986 FH¹

447 3022 495 3058 ἰι
543 3022 635 3058 am
671 3025 715 3074 φ

1354 3116 1473 3175 VII

404 3220 633 3306 Neque
678 3221 939 3287 interim
984 3219 1245 3285 cacandi
1291 3239 1481 3283 causa
1525 3220 1832 3301 umquam
1880 3216 2186 3294 incoxaui'
2226 3222 2396 3282 nate.

548 3341 766 3396 Nonius
805 3347 891 3411 39,
921 3342 1012 3395 8*
1025 3340 1376 3409 incoxare‚
1414 3340 1474 3392 in
1512 3355 1708 3392 coxam
1747 3337 1968 3393 sidere.’

554 3449 818 3503 Trochaei
853 3467 931 3503 an
965 3448 1136 3503 iambi
1170 3449 1309 3516 sint,
1356 3447 1673 3516 ambiyuum
1815 3444 2060 3502 candida
2098 3445 2229 3499 ΗΡ
2244 3446 2323 3500 W

408 3535 720 3588 cumquam,
752 3521 895 3588 quod
921 3519 1131 3574 adlitteo
1133 3521 1328 3574 atione
1356 3518 1776 3585 commendatum,
1804 3517 1991 3571 hiatus
2016 3517 2238 3572 vitandi
2263 3534 2433 3574 causa
