2610 4007
879 153 1149 208 NOVIVS
1223 153 1570 209 MVMMIVS
2106 155 2232 220 331

203 313 497 380 Nouius,
554 316 612 367 et
664 313 821 368 iocus
868 318 954 368 est
998 312 1329 369 familiaris:
1390 313 1665 383 sapiens
1717 357 1774 369 ..
1805 356 1819 370 .
1865 317 2138 384 tremes,
2178 318 2237 369 et

200 384 321 439 alia
358 384 680 455 permulta.’

1148 535 1298 593 XIII

198 636 366 723 <Si>
414 636 742 701 salliturus
787 636 986 701 istaec
1033 639 1155 720 est,
1200 637 1458 702 mittam
1504 638 1716 702 salem.

348 756 670 811 Priscianus
716 776 769 827 p.
802 763 906 812 910
952 758 1011 811 P.
1064 756 1248 811 ‘sallio
1302 757 1556 812 sallitum
1600 759 1765 828 facit,
1823 760 1966 813 sallo
2024 758 2234 812 salsum

207 874 218 884 .
253 872 263 883 .
299 874 309 884 .
350 828 600 882 Lucilius
637 828 699 881 in
737 828 888 885 VIH:
938 828 1138 882 sallere
1178 872 1189 883 .
1223 872 1234 883 .
1267 872 1278 884 .
1318 829 1454 883 Inde
1501 829 1674 883 etiam
1717 829 2022 900 participia
2056 829 2233 884 futuri

202 900 580 954 salliturus
618 903 677 953 et
713 900 975 956 salsurus.
1039 899 1282 954 Nouius:
1327 899 1616 954 salliturus
1656 945 1666 956 .
1702 946 1712 957 .
1746 947 1755 956 .
1797 902 1986 956 salem.
2052 901 2231 955 Mum-

201 971 373 1025 mius’
416 987 462 1024 e.
493 989 545 1039 q.
578 988 618 1024 s.
668 970 956 1039 (Nouius
994 970 1190 1025 Bamb.
1237 971 1484 1034 neuius
1521 972 1687 1027 Halb.
1718 973 1884 1027 Barb.
1932 972 2231 1040 lucuius,

203 1041 315 1096 del.
347 1045 406 1096 et
435 1059 553 1110 sup.
592 1041 862 1108 neuius,
900 1042 1036 1111 Reg.
1084 1041 1288 1095 incui'
1327 1042 1502 1112 Bong.
1551 1043 1775 1098 lucius
1815 1043 1971 1099 Grut.
2016 1043 2230 1097 liuius

201 1113 438 1167 Carolir.
485 1112 776 1166 lucilius
821 1114 1015 1182 sang„
1062 1113 1133 1166 de
1180 1130 1290 1181 quo
1338 1116 1528 1167 tamen
1573 1114 1634 1168 in
1680 1115 1926 1170 editione
1974 1114 2232 1169 Hertzius

205 1184 354 1238 nihil
390 1186 656 1253 testatur)

347 1291 489 1345 istec
527 1296 557 1344 ἓ
597 1289 885 1344 salliturus
912 1292 1086 1346 Barb.
1171 1292 1363 1346 Vtrum
1392 1294 1478 1345 est
1509 1310 1586 1346 an
1622 1307 1681 1345 es
1718 1295 1898 1348 verius
1933 1295 2006 1348 sit
2042 1295 2232 1348 dubito

203 1416 442 1540 XXVII}
474 1414 602 1470 XIV
655 1413 874 1469 Naevio
929 1413 1178 1483 reddidi,
1235 1414 1394 1467 cuius
1441 1414 1588 1468 inter
1633 1414 1739 1470 inc.
1784 1432 1922 1471 com.
1965 1416 2031 1470 fr.
2074 1418 2233 1470 extat

1166 1637 1278 1694 XV

204 1720 475 1784 dicteria

346 1840 670 1896 Macrobius
699 1842 815 1896 Sat.
836 1841 887 1894 H
917 1847 965 1910 1,
988 1848 1054 1896 14
1097 1840 1386 1895 ‘Nouius
1424 1858 1557 1896 uero
1586 1841 2039 1911 Pomponiusque
2076 1842 2230 1897 iocos

200 1930 318 1967 non
355 1930 483 1967 raro
523 1912 825 1966 dicteria
858 1912 1192 1966 nominant'
1235 1912 1515 1981 (Neuius
1552 1913 1749 1968 Bamb.
1781 1913 1944 1983 Gud.)

345 2019 552 2075 Nescio
587 2021 734 2075 unde
767 2020 1022 2074 hauserit
1050 2019 1301 2091 Scaliger
1332 2021 1489 2088 quod
1527 2037 1596 2075 ex
1627 2020 1932 2074 ‘Vincentii
1962 2021 2226 2090 epistola’

202 2091 545 2160 Bernaysius
582 2111 636 2161 p.
668 2098 770 2146 249
818 2091 950 2146 libri
998 2091 1085 2145 sui
1124 2090 1446 2160 descripsit:
1489 2094 1813 2146 ‘concacare
1857 2092 2065 2145 lectum
2102 2093 2231 2146 bar·

199 2162 405 2215 barum
437 2166 538 2218 est.
602 2179 898 2232 percacare
938 2162 1235 2216 dicendum
1273 2166 1412 2231 erat,
1451 2166 1516 2217 ut
1553 2164 1600 2215 N
1618 2162 1813 2216 ouius
1846 2162 2229 2216 Atellanarius

200 2232 352 2286 dixit
391 2235 825 2302 permerdare
864 2234 1189 2302 aliquem3
1235 2233 1434 2288 Graeci
1472 2231 1796 2304 καταχέζειν
1831 2232 2019 2297 τινός]

899 2598 1541 2687 MVMMIVS

761 2794 868 2851 EX
914 2791 1285 2851 INOERTIS
1331 2791 1672 2850 FABVLIS

1202 2917 1232 2974 I
1600 3000 1910 3083 †riunius

201 3105 330 3170 'Ad
377 3108 739 3191 spectacula
785 3109 881 3172 est
926 3107 1162 3192 uidere,
1208 3107 1277 3170 in
1322 3108 1493 3170 testu
1536 3109 1847 3190 quantum
1893 3107 1980 3170 sit
2021 3111 2229 3191 caput.

350 3244 634 3299 Charisius
661 3264 715 3315 p.
741 3252 842 3300 118
870 3246 929 3301 P.
970 3247 1203 3315 ‘testu,
1242 3249 1308 3299 ut
1343 3263 1490 3315 genu
1528 3244 1758 3299 Flauius
1796 3245 1974 3314 Caper
2009 3248 2227 3299 ueteres

203 3316 290 3370 ait
314 3316 402 3370 uti
436 3316 648 3372 solitos.
714 3316 1067 3370 Mummius
1104 3317 1174 3370 in
1212 3315 1556 3371 atellania
1592 3315 1866 3369 riunius
1905 3317 1979 3370 ad
2008 3320 2227 3385 specta-

203 3387 355 3442 cula’
398 3404 445 3441 e.
475 3405 527 3455 q.
559 3406 600 3441 S.
648 3387 994 3457 (Atellana
1031 3387 1272 3441 Junius
1312 3389 1398 3443 ed.
1432 3406 1512 3456 pr.
1561 3387 1920 3440 Atellania
1957 3387 2226 3441 riunius

203 3459 388 3513 edidit
426 3458 643 3512 Keilius
684 3460 749 3513 A.
790 3458 1105 3512 Ricinius
1152 3459 1294 3513 coni.
1334 3457 1593 3513 Hertzius
1639 3458 1929 3511 Riuinus
1978 3459 2228 3513 coniece-

203 3548 342 3599 ram,
382 3529 480 3583 sed
513 3529 762 3585 Riuino
792 3533 1129 3599 expectares.
1189 3531 1268 3586 Cf.
1302 3530 1589 3585 Onomast.
1615 3529 1869 3598 ‘riuinus‚
1899 3528 2225 3600 ἀντίζηλος’,
