2610 4007
968 179 1027 233 L.
1066 178 1433 233 AFRANIVS
2081 183 2210 246 207

1153 348 1238 405 ΧΙ

186 446 361 511 Deos
408 470 529 534 ego
578 448 787 512 omnis
831 451 906 512 ut
950 448 1376 514 fortunassi'nt
1418 472 1662 534 precor.

327 569 547 624 Nonius
588 576 715 639 109,
756 576 822 623 17
873 570 1261 624 ‘fortunare
1318 574 1404 625 est
1456 588 1783 641 prosperare
1840 574 1898 625 et
1953 571 2212 626 omnibus

185 640 351 695 bonis
389 657 597 710 augere
636 686 648 697 .
681 686 692 696 .
723 685 735 695 .
776 641 1041 695 Afranius
1080 641 1482 711 Emancipato:
1522 643 1679 697 deos’
1721 660 1765 698 e.
1797 660 1849 710 q.
1881 662 1922 697 s,

327 747 556 802 fortuna
594 749 709 803 sint
753 750 832 805 W

1140 830 1257 887 XII

186 929 590 1014 Principium
636 930 758 995 hoc
807 952 918 995 oro
966 931 1035 994 in
1081 931 1294 994 animo
1341 934 1418 995 ut
1462 931 1554 994 sic
1599 932 1844 995 statuas
1888 935 2022 1017 tuo,

184 1036 377 1120 <Me>
425 1036 657 1101 officiis
704 1038 849 1123 cogi
893 1041 969 1101 ut
1013 1037 1129 1101 abs
1175 1041 1239 1101 te
1284 1058 1539 1101 seorsus
1585 1039 1858 1102 sentiam
2247 1061 2319 1109 85

181 1142 278 1207 De
324 1144 555 1207 uxoria
600 1166 684 1209 re.

328 1264 614 1319 Charisius
650 1284 703 1334 p.
739 1269 839 1318 195
878 1264 938 1320 P.
980 1265 1324 1318 ‘seorsus’

329 1376 356 1422 1
396 1369 673 1439 principio
714 1371 1008 1425 Fruterius
1255 1373 1321 1424 ut
1358 1370 1438 1424 sic
1478 1373 1695 1425 statuas
1731 1375 1830 1425 tuo
1870 1373 2108 1429 Bothius
2144 1376 2212 1428 ut

185 1441 363 1495 sistuo
403 1444 493 1495 sta
523 1484 534 1495 .
566 1485 579 1496 .
612 1485 623 1496 .
655 1459 680 1494 s
718 1443 831 1496 cod.
865 1444 931 1495 ut
968 1441 1047 1495 sic
1084 1444 1184 1495 tuo
1223 1445 1441 1496 statuas
1479 1444 1558 1497 ed.
1591 1461 1680 1512 pr.
1790 1449 1822 1497 2
1859 1460 1948 1498 me
1989 1447 2211 1501 addidit

184 1513 433 1583 Machly,
469 1530 568 1568 om.
604 1514 715 1567 cod.
1123 1592 1271 1650 XHI

186 1692 391 1769 Quam
438 1693 609 1757 lente
655 1696 891 1757 tractat
935 1715 1036 1757 me
1084 1694 1275 1778 atque
1322 1694 1585 1759 inludit!
1635 1746 1647 1759 .
1696 1747 1708 1759 .
1757 1747 1769 1759 .

330 1814 614 1869 Charisius
659 1833 713 1884 p.
747 1821 848 1869 183
885 1816 945 1870 P.
998 1815 1213 1869 ‘lente
1261 1815 1529 1869 Afranius
1585 1816 1646 1869 in
1702 1817 2060 1873 Consobrinis
2110 1820 2206 1892 [V]

185 1885 335 1940 idem
370 1885 432 1939 in
466 1885 860 1956 Emancipato:
901 1888 1091 1954 quam’
1133 1902 1179 1940 e.
1218 1904 1269 1954 q.
1313 1906 1354 1941 s.
1764 1897 1770 1902 ⁴

1120 2038 1263 2096 XIV

183 2137 361 2203 Idem
407 2141 473 2203 es
520 2140 631 2224 qui
678 2161 943 2226 semper,
988 2140 1182 2224 idque
1228 2145 1304 2204 ut
1349 2141 1472 2204 rite
1520 2142 1857 2228 intellegas

187 2244 273 2308 Te
319 2246 527 2310 facere

323 2365 609 2420 Charisius
645 2385 699 2436 p.
731 2373 832 2421 193
869 2368 928 2422 P.
972 2367 1174 2422 ‘rite’

1137 2518 1249 2575 XV

190 2666 203 2679 .
248 2667 261 2679 .
302 2665 321 2684 .
369 2666 383 2680 .
432 2621 496 2681 te
543 2617 750 2681 facere
796 2622 1103 2703 conpecto
1151 2620 1367 2683 omnia
2239 2640 2309 2689 90

323 2737 609 2792 Charisius
664 2757 717 2808 p.
759 2745 858 2793 177
914 2740 974 2794 P.
1038 2741 1438 2809 ‘conpecto'
1519 2745 1873 2813 (conpacto
1939 2748 2202 2814 excerpta

187 2807 363 2879 Bern.)
434 2810 696 2864 Fortasse
732 2810 798 2866 fr.
836 2811 963 2865 XIV
1001 2813 1059 2864 et
1094 2811 1197 2866 XV
1235 2813 1630 2868 cohaerebant.

322 2909 594 3004 conpecto
632 2934 744 2990 cod.

1117 3015 1260 3073 XVI

183 3112 389 3179 Viden
433 3119 510 3179 ut
555 3116 823 3180 facunde
870 3117 1093 3181 contra
1138 3117 1418 3181 causaris
1461 3120 1755 3201 patrem?

321 3236 540 3290 Nonius
578 3243 664 3306 89,
703 3243 733 3290 9
776 3237 1107 3308 ‘causari‚
1147 3256 1377 3292 causam
1414 3238 1598 3293 dicere
1635 3241 1729 3294 uel
1765 3241 2063 3296 defendere
2095 3286 2106 3297 .
2139 3287 2150 3297 .
2182 3287 2194 3300 .

183 3306 443 3361 Afranius
480 3308 874 3378 Emancipato:
914 3309 1091 3363 uidet’
1134 3326 1180 3364 e.
1219 3328 1271 3378 q.
1313 3328 1353 3363 s.

320 3414 491 3468 uiden
529 3416 594 3466 ut
627 3417 826 3484 scripsi
859 3419 956 3486 (an
991 3414 1157 3469 uideo
1175 3419 1219 3486 ‘?)
1256 3415 1416 3470 uidet
1452 3438 1494 3470 ω
1531 3417 1662 3471 uide
1699 3421 1765 3472 ut
1801 3420 2076 3475 Bentinus
2111 3419 2195 3472 iu-

187 3484 288 3537 dex
334 3487 459 3540 Rue
505 3487 621 3554 (mc
665 3485 871 3540 uindex
918 3488 1132 3557 lonqius
1176 3489 1385 3556 aberat)
1435 3486 1623 3557 lepide
1679 3492 1736 3543 et
1781 3491 2051 3561 Bequius
2100 3493 2198 3560 (an

184 3555 383 3610 callide
420 3559 484 3611 in
518 3564 716 3625 septen.
752 3560 944 3613 mutilo
953 3556 1004 3627 ,9)
1151 3557 1394 3612 causeris
1431 3560 1640 3614 anius
