2610 4007
536 221 853 276 ANONYM
861 221 1067 277 ORVM
1103 223 1460 278 MIMORVM
1495 224 1886 290 RELIQVIAE
2091 226 2230 292 375

216 451 226 462 ,
335 385 659 450 Iuvenalis
704 384 799 450 VI
854 386 942 450 44
999 386 1085 449 ‘si
1149 386 1563 451 moechorum
1626 388 2001 452 notissimus
2066 390 2223 455 olim

197 490 419 555 Stulta
471 492 753 556 maritali
813 493 941 556 iam
1001 493 1279 578 porrigit
1335 515 1448 557 ora
1501 495 1806 580 capistro,
1872 495 2076 577 Quem
2130 501 2225 561 to-

196 598 368 661 tiens
424 600 588 663 texit
645 600 919 682 perituri
974 600 1135 664 cista
1189 600 1447 664 Latini?
1539 600 1885 666 scholiasta
1938 603 2073 687 ‘qui
2128 607 2224 668 to-

194 705 367 768 tiens
425 706 913 789 superueniente
972 706 1205 770 marito
1261 706 1381 771 sub
1439 707 1598 771 cista
1658 709 1898 773 celatus
1960 714 2056 773 est
2066 762 2083 794 ,
2147 713 2223 773 ut

194 834 269 874 111
315 813 555 877 11111110.’

462 1047 1032 1108 ANONYMORVM
1075 1002 1462 1109 MIMORVM
1515 1050 1953 1121 RELIQVIAE

343 1163 578 1232 Aliquot
626 1163 772 1218 inter
815 1165 1087 1234 palliatae
1134 1166 1453 1235 fragmenta
1499 1170 1751 1235 receptos
1798 1167 2099 1221 versiculos
2148 1168 2221 1222 ad

193 1233 434 1288 mimum
469 1235 657 1304 potius
695 1235 876 1290 videri
911 1237 1190 1306 pertinere
1230 1254 1330 1291 suo
1367 1237 1493 1292 loco
1532 1237 1741 1294 monui.

1192 1442 1224 1498 I

331 1538 680 1605 Rhetorica
735 1541 815 1604 ad
868 1540 1264 1606 Herennium
1311 1540 1342 1605 I
1403 1544 1511 1627 14,
1558 1543 1644 1606 24
1701 1543 1992 1606 ‘mimus
2057 1543 2223 1627 qui-

200 1647 367 1710 dam
438 1648 892 1712 nominatim
963 1647 1275 1713 Accium
1349 1652 1648 1733 poetam
1723 1651 2221 1733 compellauit

196 1753 277 1815 in
323 1774 616 1817 scaena:
665 1776 810 1817 cum
858 1777 931 1819 eo
974 1754 1208 1820 Accius
1254 1756 1635 1820 iniuriarum
1683 1756 1834 1843 agit.
1897 1755 2012 1819 -hic
2055 1756 2223 1820 nihil

194 1858 374 1923 aliud
421 1859 705 1925 defendit
750 1862 875 1926 nisi
920 1863 1111 1926 licere
1156 1863 1477 1927 nominari
1524 1885 1688 1947 611111,
1735 1863 1915 1926 cuius
1959 1864 2220 1928 nomine

190 1966 437 2051 scripta
483 1968 715 2032 dentur
765 1969 1049 2055 agenda?

344 2106 514 2161 Cf.11
563 2108 1140 2190 13‚19‘.C·Caelius
1186 2109 1356 2163 iudex
1402 2110 1651 2164 absoluit
1695 2110 2026 2164 iniuriarum
2074 2127 2219 2178 eum,

190 2178 295 2247 qui
332 2177 610 2235 Lucilium
645 2182 872 2260 poetam
906 2179 967 2233 in
1004 2197 1207 2234 scaena
1241 2181 1576 2235 nominatim
1613 2181 1870 2247 laeserat,
1908 2182 1966 2235 P
1998 2181 2218 2234 Mucius

192 2266 352 2318 eum,
426 2249 523 2317 qui
585 2251 644 2304 L.
702 2250 933 2304 Accium
1001 2254 1229 2319 poetam
1290 2252 1706 2320 nominauerat‚
1779 2252 2216 2307 condemnauit?

195 2319 417 2446 Fictam
472 2321 544 2374 ad
601 2321 874 2375 Graecum
938 2323 1252 2392 exemplum
1308 2297 1745 2377 controversiain
1801 2322 2004 2375 statuit
2058 2323 2222 2380 Marx

190 2409 297 2460 pro
375 2398 580 2460 p.109.

1170 2526 1233 2583 Π

335 2624 553 2690 Cicero
593 2627 673 2690 ad
709 2626 856 2690 fam.
894 2626 988 2691 IX
1039 2627 1139 2711 16,
1181 2627 1216 2689 7
1267 2628 1460 2691 ‘nunc
1505 2627 1695 2691 uenio
1744 2628 1823 2691 ad
1868 2627 2221 2691 iocationes

192 2735 368 2816 tuas,
425 2733 727 2817 quoniam
784 2738 856 2797 tu
896 2734 1259 2798 secundum
1308 2732 1703 2798 Oenomaum
1748 2732 1905 2797 Acci
1959 2757 2087 2798 non
2142 2738 2220 2798 ut

193 2839 355 2902 olim
392 2838 639 2903 solebat
676 2839 1059 2925 Atellanam,
1104 2841 1216 2904 sed
1261 2846 1335 2905 ut
1379 2863 1551 2905 nunc
1596 2842 1673 2905 fit
1713 2842 1981 2904 mimum
2020 2841 2221 2904 intro-

195 2944 457 3008 duxisti.
563 2950 758 3029 quem'
817 2950 889 3009 tu
953 2946 1115 3010 mihi
1178 2948 1567 3032 pompilum‚
1633 2969 1822 3031 quem
1889 2947 2219 3012 denarium

192 3053 460 3115 narras?
526 3074 717 3135 quam
756 3052 1135 3135 tyrotarichi
1176 3054 1508 3136 patinam?
1571 3054 1879 3117 facilitate
1917 3075 2059 3117 mea
2095 3053 2220 3117 ista

192 3157 568 3222 ferebantur
623 3162 836 3242 antea,
890 3181 1060 3223 nunc
1115 3163 1365 3223 mutata
1418 3182 1519 3223 res
1575 3164 1695 3224 est:
1751 3159 2043 3224 Hirtium
2098 3181 2218 3245 ego

192 3271 260 3329 et
308 3264 714 3330 Dolabellam
771 3265 1018 3329 dicendi
1076 3266 1423 3350 discipulos
1476 3265 1712 3352 habeo,
1767 3266 2032 3331 cenandi
2087 3287 2219 3329 ma—
2276 3296 2281 3300 ·

191 3372 436 3456 gistros
493 3422 505 3435 .
556 3422 568 3435 .
616 3422 631 3436 .
679 3423 691 3434 .
751 3371 924 3454 quod
977 3372 1032 3434 si
1086 3394 1456 3455 per-seueras
1511 3395 1612 3437 me
1667 3374 1748 3437 ad
1799 3372 2024 3436 matris
2070 3375 2219 3435 tuae

193 3500 417 3541 cenam
472 3498 799 3562 reuocare,
853 3478 1055 3540 feram
1110 3477 1178 3541 id
1223 3500 1495 3562 quoque.
1586 3481 1736 3544 uolo
1784 3479 1956 3543 enim
2000 3477 2217 3541 uidere

195 3585 511 3668 animum,
569 3585 679 3667 qui
735 3583 896 3647 mihi
952 3584 1180 3648 audeat
1234 3585 1360 3647 ista
1416 3606 1575 3667 quae
1630 3585 1856 3649 scribis
1904 3585 2218 3669 adponere
