2610 4007
1116 185 1387 242 NOVIVS
2127 188 2254 251 317

1093 389 1409 450 MAGOVS

1230 516 1263 573 I

215 613 506 700 Scalpes
554 616 770 681 dentes
818 616 1181 700 derepente,
1228 617 1297 680 in
1342 618 1568 681 scaena
1613 617 1668 681 si
1712 617 2091 702 peccaueris.

385 753 605 808 Nonius
644 759 764 823 518,
800 760 867 807 14
908 755 1302 823 ‘derepente
1342 798 1353 811 .
1387 799 1398 810 .
1432 799 1443 810 .
1482 755 1698 810 Nouius
1734 756 1993 812 Maccho:
2033 755 2257 825 scalpis’

218 841 280 878 e.
318 842 376 892 q.
407 843 449 880 s

391 931 608 1001 scalpes
641 933 878 987 Bothius
913 932 1117 1002 scalpis
1154 953 1196 986 ω
1321 933 1619 1003 derepente
1655 941 1840 989 utrum
1875 935 1951 989 ad
1984 936 2264 1003 sequentia

228 1021 323 1057 an
360 1004 437 1057 ad
467 1005 661 1073 priora
690 1005 965 1072 pertineat
999 1004 1147 1058 ambi
1179 1021 1315 1058 unm
1448 1021 1615 1059 scena
1651 1026 1693 1059 ω
1741 1021 1880 1059 cena
1914 1007 1993 1060 ed.
2024 1024 2075 1060 a.
2108 1009 2262 1073 1471,

227 1076 374 1141 fort
402 1081 540 1130 reete
681 1076 777 1128 An
810 1073 1153 1144 peccauerit.

1227 1261 1290 1319 Π
1520 1345 1790 1428 pectinia
2301 1363 2370 1412 45

243 1447 465 1524 Quid?
519 1448 761 1514 bonum
796 1449 991 1514 breue
1030 1452 1154 1535 est,
1190 1451 1517 1535 respondi,
1556 1449 1959 1516 Sardiniense
1996 1453 2265 1516 caseum.

392 1587 609 1642 Nonius
656 1594 777 1657 200,
816 1595 847 1642 9
899 1589 1159 1643 ‘caseus
1204 1589 1392 1644 neutri
1437 1589 1654 1644 Nouius
1697 1590 1956 1646 Maccho:
2003 1589 2264 1659 pecunia’

246 1677 294 1714 e.
328 1677 382 1727 q.
415 1677 456 1713 s.

397 1774 428 1820 2
477 1765 615 1835 quid
651 1767 860 1821 bonum
897 1765 1034 1834 quid
1069 1768 1281 1821 bonum
1317 1768 1578 1837 respondi
1617 1768 1759 1822 F¹L
1912 1768 2269 1823 Sardiniense

253 1838 468 1894 Onions
505 1836 683 1891 sardis
720 1837 983 1892 ueniense
1013 1838 1298 1893 EF⁸HL
1337 1838 1516 1892 sardis
1552 1839 1781 1893 ueniens
1810 1839 2089 1896 F²H²W
2116 1841 2270 1894 sardi

248 1909 388 1963 ueni
427 1909 506 1963 1³⁷¹
543 1925 574 1963 e
613 1908 803 1963 Sardis
839 1908 1070 1963 ueniens
1109 1910 1383 1964 Mwnkins

984 2129 1295 2190 MAOCVS
1346 2129 1547 2192 OOPO

255 2248 570 2313 Acttitum
615 2248 836 2335 scibis,
882 2271 1027 2314 cum
1072 2250 1142 2313 1'n
1185 2272 1387 2314 neruo
1431 2251 1777 2315 nictabere.

399 2388 598 2442 Festus
634 2407 687 2458 p.
721 2393 821 2442 177
859 2389 934 2442 Μ.
978 2388 1266 2443 ‘nictare
1316 2392 1373 2443 et
1414 2388 1700 2444 oculorum
1737 2393 1794 2443 et
1831 2389 2068 2444 aliorum
2102 2406 2273 2444 mem·

252 2459 485 2512 brorum
518 2458 646 2512 nisu
685 2475 852 2528 saepe
891 2458 1108 2527 aliquid
1146 2459 1337 2514 conari
1375 2460 1588 2514 dictum
1615 2463 1702 2514 est
1729 2460 1802 2515 ab
1831 2460 2079 2529 antiquis
2111 2493 2174 2502 —
2206 2494 2272 2501 —

255 2529 475 2584 Nouius
513 2529 573 2582 in
608 2530 843 2584 Maccho
883 2547 1120 2599 copone.
1164 2533 1439 2584 actutum’
1472 2548 1518 2586 e.
1549 2550 1602 2600 q.
1632 2549 1674 2586 s.

403 2653 572 2707 scibis
602 2655 843 2725 Scaliqer
879 2654 1024 2708 scrib
1057 2657 1170 2710 eod.
1212 2655 1421 2709 scribes
1455 2657 1688 2710 Vrsinus
1793 2654 2079 2710 nictabere
2115 2657 2275 2727 vulqo

257 2725 558 2779 nectabere
594 2727 708 2780 cod.

984 2892 1298 2952 MAOOVS
1347 2894 1560 2952 EXVL

1255 3019 1287 3076 I

348 3116 499 3182 Em:
553 3117 730 3182 dixin
775 3118 1021 3183 itlirum
1064 3118 1393 3184 hominem
1437 3120 1506 3183 111
1552 3119 1792 3185 Τάεοοε
1838 3120 2145 3185 tohitim?

404 3239 618 3294 Nonius
655 3247 716 3308 4,
756 3247 787 3293 9
829 3213 1139 3294 ‘tolutim
1183 3241 1391 3294 dicitur
1436 3242 1598 3310 quasi
1646 3241 1887 3295 uolutim
1922 3242 2015 3295 uel
2056 3209 2279 3297 uolubi-

258 3310 393 3366 liter
440 3310 820 3367 ..Nouius
873 3311 1184 3366 Gallinaria
1239 3309 1338 3384 [II]
1393 3312 1546 3367 idem
1599 3314 1793 3367 Macco
1849 3313 2035 3368 exule.
2093 3313 2275 3367 edixi’

264 3399 312 3436 e.
343 3399 396 3451 q.
428 3399 468 3438 s,

408 3505 497 3542 em
534 3488 691 3542 dixin
725 3492 922 3559 scripsi
957 3507 987 3543 e
1017 3489 1134 3542 dixi
1162 3491 1229 3543 H
1245 3492 1321 3545 W
1352 3494 1437 3545 est
1475 3490 1592 3544 dixi
1619 3493 1776 3546 BaL
1813 3492 2002 3545 edixin
2028 3493 2281 3562 Bothius,

261 3563 362 3630 qui
397 3562 648 3615 baccheos
684 3564 931 3632 aynovit:
970 3577 1076 3630 pro
1111 3564 1407 3630 septenarii
1441 3563 1603 3617 iamb.
1640 3564 1817 3630 frusto
1853 3564 1957 3618 alii
1991 3565 2187 3619 habent
