2610 4007
263 2673 330 2722 10

383 150 510 215 190
962 113 965 115 Ὗ
1026 152 1085 205 T.
1126 149 1513 216 vac'rrvs
1550 148 1747 202 ATTA

1131 293 1644 377 LvoVBRA'rIo

378 435 540 502 Cum
587 437 798 522 primo
844 437 975 501 luci
1020 436 1212 501 hodie
1258 441 1334 501 ut
1381 436 1686 502 exornata
1731 435 1843 519 sit,

374 541 592 629 Atque
638 543 1008 627 auspicetiS.
1054 564 1195 607 cras
1242 547 1341 607 est
1385 541 1745 608 communis
1791 541 1941 605 dies,

517 664 735 719 Nonius
754 669 876 732 468,
897 666 1015 719 23‘
1030 663 1392 734 auspicaui
1427 681 1530 733 pro
1569 663 1892 734 auspicatus
1932 681 2055 717 sum
2094 707 2106 717 .
2183 664 2419 717 .Acta‘

373 736 814 791 Lucubratione:
872 752 999 789 cum
1033 735 1236 804 primo’
1278 752 1326 791 e.
1365 754 1416 804 q.
1457 753 1498 790 s.
1571 734 1733 789 Dies
1784 706 2154 789 communis
2209 733 2399 803 qualis

376 807 453 862 sit
487 806 808 862 Macrobius
847 806 1012 861 docet
1047 807 1163 862 Sat
1200 807 1226 860 I
1266 813 1351 875 16,
1389 814 1437 861 3.

519 920 545 967 1
587 913 741 967 lueid
777 916 1100 984 scripseram
1267 913 1503 967 hocedie
1540 913 1812 984 Berykiws
1847 914 1993 981 olim,
2029 914 2123 968 sed
2155 914 2300 967 idem
2337 914 2403 967 in

374 987 539 1055 symb.
578 986 623 1038 Ι
659 1001 717 1053 p.
760 990 862 1038 147
898 986 1041 1039 nihil
1076 986 1402 1040 mutandum
1437 992 1625 1040 censet.
1681 983 1786 1037 illa
1829 982 1999 1038 hodie
2046 985 2176 1038 olim
2219 986 2398 1039 conie-

373 1072 552 1111 ceram
695 1061 726 1108 2
766 1058 937 1124 atque
973 1059 1038 1109 ut
1076 1055 1380 1125 auspicetis
1417 1077 1478 1124 ω,
1516 1058 1714 1125 qmbus
1747 1056 1976 1110 servatis
2011 1056 2197 1109 mutili
2227 1062 2398 1124 septe-

372 1128 527 1182 narii
542 1127 687 1194 fiwnt
704 1129 888 1197 quales
906 1129 1035 1183 olim
1046 1135 1267 1197 praeter
1284 1130 1530 1182 senarios
1555 1127 1831 1196 proposui.
1869 1127 2044 1194 utque
2073 1142 2123 1180 a.
2153 1126 2401 1197 Scaliqer

1107 1276 1656 1336 MATERTERAE

514 1384 714 1439 Vtrum
750 1384 1117 1439 Mummi-sm
1157 1402 1230 1440 an
1265 1385 1601 1439 Musa-mm
1635 1399 1840 1438 nomen
1886 1382 2057 1437 fuerit
2101 1383 2394 1438 incertum.

552 1511 794 1577 Oomm.
826 1510 1016 1598 Cruq.
1044 1512 1125 1577 ad
1152 1512 1412 1577 Horatii
1442 1512 1622 1596 epist.
1651 1509 1719 1574 II
1752 1512 1807 1595 1,
1837 1511 1949 1575 80:
1994 1514 2169 1576 recte
2196 1532 2396 1576 necne

372 1639 626 1683 crocum
672 1620 987 1704 floresque
1031 1618 1437 1704 perambulet
1481 1617 1677 1682 Attae
1732 1616 2005 1701 Fabula]
2068 1616 2256 1702 ‘quae
2304 1618 2397 1681 in-

371 1724 677 1789 scribitur
748 1725 1094 1790 Matertera
1166 1729 1337 1789 recte
1407 1744 1606 1789 necne
1669 1723 2072 1808 perambulet
2136 1745 2395 1789 crocum

370 1830 713 1915 floresque,
771 1830 839 1896 id
884 1836 981 1895 est
1026 1831 1095 1896 in
1142 1853 1397 1895 scenam
1444 1835 1700 1916 recepta
1746 1832 1858 1916 sit,
1916 1853 2078 1916 quae
2124 1832 2397 1897 floribus

370 1941 436 2001 et
481 1959 666 2002 croco
712 1938 1080 2024 spargitur?

508 2041 749 2096 Futtilia
774 2042 1130 2112 protulerunt
1157 2041 1466 2111 Porphyrio
1500 2042 1658 2095 ‘Atta
1683 2044 2010 2111 togatarum
2029 2041 2270 2113 scriptor
2290 2046 2393 2113 est,

369 2112 467 2181 qui
502 2112 563 2166 in
599 2061 813 2168 fabula
833 2131 979 2195 quae
1015 2112 1344 2167 inscribitur
1379 2112 1799 2168 Materterae
1836 2113 1920 2167 ita
1954 2113 2154 2167 florum
2225 2130 2395 2169 encra

368 2187 673 2253 enumerat,
711 2188 777 2240 ut
813 2184 933 2239 sine
972 2184 1144 2239 dubio
1181 2184 1669 2253 reprehendendus
1709 2183 1784 2238 sit
1821 2184 1893 2238 ob
1930 2184 2165 2238 nimiam
2219 2202 2391 2254 oqua-

369 2255 621 2310 citatem'
657 2258 713 2310 et
739 2256 1091 2310 Pseudoacro
1123 2203 1279 2310 ‘puel
1265 2254 1401 2323 quia
1430 2258 1516 2310 est
1528 2255 1699 2309 Attae
1720 2254 1933 2324 fabula,
1964 2272 2109 2323 quae
2138 2256 2390 2311 Mater-

368 2330 516 2381 tera
563 2326 905 2396 inscribitur,
952 2327 1013 2380 in
1049 2343 1162 2395 qua
1198 2326 1362 2380 flores
1401 2327 1728 2380 enumerat.’
1804 2325 2132 2396 Disputavit
2170 2327 2241 2381 de
2280 2329 2391 2382 Ho-

368 2398 502 2452 ratii
538 2398 662 2453 loco
703 2398 763 2453 Ο.
804 2397 1029 2452 Crusius
1066 2415 1206 2453 mus.
1244 2398 1421 2452 Rhen.
1460 2403 1547 2466 47,
1587 2403 1654 2452 68
1693 2414 1811 2465 sqq.

1120 2546 1645 2608 MEGALENSIA

365 2655 615 2743 Nempe
661 2659 957 2743 (adstat)
1002 2658 1181 2724 sinus
1226 2658 1398 2743 apud
1440 2680 1755 2744 mensam,
1810 2657 1924 2721 ubi
1970 2658 2180 2722 sermo
2226 2659 2394 2724 solet

370 2762 664 2829 Subon'ri
709 2765 1067 2830 seditiosus,

505 2869 686 2937 Asper
719 2867 780 2920 in
818 2867 991 2922 schol.
1020 2868 1223 2923 Veron.
1254 2869 1328 2922 ad
1357 2869 1522 2938 Verg.
1554 2868 1654 2921 ecl.
1689 2872 1736 2935 7,
1767 2873 1834 2921 32
1877 2866 2084 2921 ‘sinum
2121 2884 2256 2937 ergo
2287 2886 2391 2923 uas

405 2938 639 3008 atnlnm,
678 2940 823 3009 quod
857 2946 909 2994 et
943 2941 1240 2994 masculine
1278 2938 1469 2993 sinus
1506 2938 1835 3007 uocitatum,
1864 2938 1956 2992 hic
1985 2940 2173 2993 autem
2202 2938 2393 2993 sinum

388 3009 529 3063 actis
575 3027 677 3064 uas
726 3009 1115 3079 quodcumque
1162 3011 1312 3066 lacte
1361 3013 1639 3064 onustum.
1712 3009 1890 3064 Varro
1933 3054 1942 3063 .
1977 3053 1987 3063 .
2019 3054 2030 3064 .
2064 3053 2075 3064 .
2113 3010 2254 3064 Atta
2268 3010 2391 3135 x{in

363 3080 783 3162 Megalensibus
821 3097 1021 3150 nempe
1060 3113 1127 3122 —
1166 3081 1320 3134 sinus
1359 3098 1431 3150 ap
1434 3081 1510 3134 ud
1546 3082 1820 3151 mensam]
1860 3080 1980 3133 ubi'
2022 3096 2067 3134 e.
2098 3098 2148 3148 q.
2181 3098 2223 3135 s

365 3151 444 3206 cis
481 3151 700 3206 inclusa
737 3168 839 3206 nec
876 3152 1092 3206 Keilius
1130 3168 1232 3206 nec
1267 3152 1650 3233 Herrmannus
1685 3151 1871 3221 legere
1898 3151 2099 3221 potuit.
2157 3151 2387 3207 Servius

361 3223 639 3279 Lemovic.
660 3222 721 3276 in
750 3222 786 3277 1
807 3222 895 3277 l.‘
911 3222 1098 3277 sinus
1128 3240 1304 3294 genus
1335 3227 1421 3277 est
1448 3222 1617 3292 uasis,
1648 3222 1798 3291 quod
1828 3239 1954 3276 cum
1980 3221 2382 3304 significamus,

363 3293 420 3348 si
456 3294 808 3364 producitur:
849 3310 975 3347 cum
1012 3310 1143 3348 uero
1180 3294 1456 3364 gremium
1493 3294 1898 3364 significamus,
1939 3293 1996 3346 si
2032 3293 2380 3362 corripimus,

363 3364 541 3420 Varro
581 3366 861 3420 ..Atta
897 3365 959 3419 in
987 3364 1438 3464 Megalensibus.
1477 3366 1696 3438 nempe’
1739 3381 1784 3419 e.
1824 3382 1876 3433 q.
1917 3382 1958 3419 s.

507 3459 534 3504 1
573 3410 773 3522 nempe
812 3496 823 3507 .
858 3497 868 3506 .
903 3495 914 3506 .
955 3452 1108 3507 sinus
1156 3454 1308 3522 apud
1352 3471 1605 3509 mensam
1648 3456 1808 3509 schol.
1851 3455 2070 3509 Veron„-
2119 3455 2383 3524 supplevi.

362 3537 561 3589 nempe
600 3523 674 3575 ad.
709 3539 961 3576 mensam
999 3524 1218 3579 Servius
1363 3541 1539 3579 sermo
1579 3526 1647 3578 de
1686 3524 1810 3577 sinu
1850 3525 1995 3578 solet
2029 3524 2251 3580 Servius
