2610 4007
262 974 329 1022 18

261 1045 329 1093 19

267 2413 337 2463 20

362 124 452 188 44
1020 123 1391 179 oAEomvs
1429 86 1729 179 sTATws

1207 343 1557 404 CHALCIA

506 461 593 516 Fr.
623 462 651 515 I
686 462 926 517 fortasse
965 461 1038 515 ad
1076 460 1315 515 eundem
1351 476 1540 515 senem
1570 460 1922 514 referendum
1948 461 2049 529 est,
2089 460 2158 514 de
2186 478 2298 529 quo
2327 461 2392 514 in

366 533 697 603 cognomine
732 531 1028 587 Menandri
1074 531 1272 585 fabula
1307 535 1555 586 Χαλκεῖα
1600 532 1741 586 haec
1778 532 1893 601 fflI)
1940 531 2225 587 dicuntur:
2283 533 2391 587 οὐκ

366 602 442 659 ἂν
490 601 695 675 γένοιτ’
748 604 982 672 ἐρῶντος
1037 604 1385 673 ἀθλιώτερον
1448 601 1635 658 Οὐδὲν
1688 602 1949 673 γέροντος
2002 602 2147 672 πλὴν
2201 601 2394 672 ἕτερος

365 672 544 746 γέρων
581 675 747 745 ἐρῶν·
783 673 882 739 Ὃς
916 674 1025 745 γὰρ
1054 674 1365 729 ἀπολαύειν
1392 673 1623 747 βούλεθ’
1694 695 1729 729 ν
1756 671 2119 729 ἀπολείπεται
2145 673 2259 728 Διὰ
2286 674 2394 730 τὸν

365 744 588 818 χρόνον,
623 755 742 810 πῶς
779 741 939 809 οὗτος
976 747 1079 800 οὐκ
1118 742 1228 800 ἔστ’
1263 745 1489 813 ἄθλιοςς

1366 894 1398 953 Ι

370 995 486 1063 Sat
529 996 637 1062 hic
680 996 934 1061 uicinus
978 997 1111 1082 †se
1157 1019 1226 1061 as
1269 997 1623 1081 peperisset
1665 968 1919 1081 †uobis

508 1116 727 1171 Nonius
755 1123 877 1186 464,
908 1124 974 1172 22
1015 1119 1286 1187 ‘parere
1334 1117 1508 1171 etiam
1552 1117 1704 1172 uiros
1751 1116 1864 1171 dici
1908 1133 2073 1186 posse
2110 1116 2390 1172 Caecilius

369 1190 565 1242 auctor
592 1190 680 1242 est
707 1187 975 1243 Chalciis:
1014 1190 1124 1242 sat’
1156 1205 1203 1243 e.
1224 1207 1276 1257 q.
1300 1207 1343 1243 s.
1398 1188 1635 1242 ‘dictum
1660 1188 1722 1242 id
1748 1188 2053 1258 prudenter
2081 1191 2139 1243 et
2165 1191 2392 1243 mutua-
2507 1246 2521 1261 ‚

367 1260 490 1313 tum
544 1259 618 1313 ab
672 1259 940 1314 Homero:
1004 1258 1185 1329 αὐτὰρ
1241 1263 1496 1322 Γλαῦκος
1551 1259 1762 1315 ἔτικτεν
1816 1259 2078 1330 ἀμκύμονα
2132 1263 2393 1329 Βελλερο-

370 1327 624 1400 φόντην)
705 1329 1030 1400 (Chalciis
1069 1331 1401 1401 Spengelius
1447 1330 1722 1385 Calchis
1768 1330 1902 1385 libri
2015 1330 2273 1385 dictum
2318 1331 2391 1384 id

367 1401 744 1471 prudenter
798 1404 866 1455 et
908 1404 1291 1456 mutuatum
1338 1402 1643 1457 Grauertus
1689 1402 1853 1456 Anal.
1884 1408 1987 1456 111
2034 1402 2275 1456 datum
2320 1401 2392 1454 id

367 1473 706 1542 prudente
750 1475 1134 1527 mutuatum
1180 1472 1313 1527 libri
1422 1473 1668 1527 datum.
1732 1473 1805 1527 Id
1839 1472 2215 1542 prudenter
2250 1491 2391 1527 mu—

368 1546 660 1612 tuatum,
697 1545 764 1597 ut
801 1544 1032 1598 datum
1059 1543 1291 1599 Caecilii
1320 1547 1485 1612 esset,
1511 1543 1763 1598 Bothius.
1837 1544 2083 1598 datum.
2120 1543 2394 1598 Dictum

346 1614 440 1680 ,id
475 1616 851 1686 prudenter
887 1617 953 1669 et
987 1617 1222 1669 natum
1258 1614 1606 1685 SpengeliuS.

513 1721 596 1776 ait
630 1720 725 1776 hic
764 1721 1073 1778 Grauertus
1117 1720 1203 1776 ait
1237 1721 1523 1776 Bentleius
1631 1737 1690 1775 se
1728 1737 1823 1775 eas
1860 1722 2147 1777 Bentleius
2191 1737 2250 1775 se
2286 1721 2393 1775 has

362 1792 496 1848 ‘Rue
533 1808 628 1846 eas
656 1794 741 1848 vel
768 1794 959 1846 autem
985 1808 1080 1846 eas
1105 1793 1414 1849 Grauertus
1450 1808 1648 1846 saeuas
1684 1794 1768 1847 vel
1796 1808 1985 1846 seruas
2015 1794 2179 1848 latere
2197 1800 2391 1862 potest,

371 1879 523 1917 asses
573 1864 705 1918 olim
738 1865 936 1933 scripsi
1108 1862 1421 1934 peperisset
1472 1865 1669 1933 scripsi
1718 1862 1930 1932 perisse
1986 1865 2230 1933 (perasse
2275 1864 2393 1933 Ba)

372 1936 430 1988 et
474 1954 517 1987 ω
571 1933 854 2005 peperisse
900 1935 1082 1990 Aldus
1124 1933 1409 2005 peperisse
1455 1951 1486 1988 e
1531 1936 1817 1990 Bentleius
1869 1953 1924 2005 p.
1973 1950 2032 1988 se
2084 1935 2391 1990 Grauertus

477 2005 641 2061 uobis
677 2008 841 2062 initio
874 2024 1064 2062 uersus
1098 2025 1200 2077 seq.
1234 2007 1541 2063 Grauertus
1580 2006 1757 2061 bonos
1792 2009 1878 2062 vel
1909 2007 2090 2061 bonas
2127 2009 2212 2062 vel
2244 2005 2391 2061 leuis

369 2079 454 2134 vel
488 2076 652 2131 bonis
690 2079 855 2134 latere
889 2080 1206 2135 dubitanter
1238 2080 1485 2148 suspicor

1353 2228 1417 2286 H

732 2376 737 2382 ,
842 2359 845 2362 1
947 2387 951 2400 ι
1538 2311 1854 2396 numquid
1896 2310 2048 2377 nam
2093 2312 2264 2377 fores

374 2398 606 2464 Fecere
652 2398 894 2465 soniti‘?

517 2520 734 2576 Nonius
761 2526 892 2590 491,
921 2527 990 2575 25
1041 2519 1286 2575 ‘soniti
1334 2523 1393 2574 et
1437 2538 1577 2575 sonu
1620 2538 1722 2591 pro
1770 2521 1985 2577 sonitus
2023 2523 2081 2576 et
2117 2537 2252 2575 sono
2290 2521 2397 2574 Pa-

377 2592 573 2646 cuuius
618 2592 940 2649 Duloreste:
999 2592 1272 2660 quidnam
1301 2634 1313 2646 .
1336 2634 1383 2646 ..
1415 2591 1689 2647 Caecilius
1737 2591 1999 2648 Calcis:
2055 2608 2188 2646 nam
2233 2590 2398 2659 quid-

374 2665 529 2720 nam'
571 2680 617 2719 e.
647 2681 700 2732 q.
731 2681 773 2719 s.
847 2661 1431 2733 (Chaleiis.Junius)
2263 2663 2266 2666 ‘

520 2776 549 2824 1
588 2771 746 2826 Licet
788 2787 912 2826 cwm
954 2770 1080 2825 Bue
1121 2771 1419 2838 septenarii
1454 2776 1671 2839 partem
1719 2769 1994 2838 numquid
2029 2786 2163 2824 nam
2197 2768 2236 2824 f.
2273 2768 2314 2822 f.
2354 2786 2396 2823 ε.

375 2844 696 2898 continuare
800 2840 1077 2909 numquid
1097 2857 1233 2895 nam
1256 2841 1562 2896 Grauertws
1586 2858 1721 2895 nam
1738 2840 2009 2909 quidnam
2019 2862 2070 2908 ,ω
2096 2856 2230 2895 nam
2256 2839 2398 2908 quid

374 2913 634 2983 Bothius,
680 2929 796 2967 nort
840 2914 1192 2981 inprobatum
1227 2911 1538 2983 Spenyeli0‚
1585 2914 1684 2982 qui
1718 2920 1900 2968 tamen
1934 2915 2049 2982 ipse
2089 2928 2223 2965 nam
2258 2910 2401 2979 quid

374 2983 491 3037 iam
527 2986 611 3038 vel
643 3000 776 3036 nam
813 2982 950 3052 quid
985 3000 1133 3037 nunc
1162 2985 1470 3052 proposuit.
1550 2983 1741 3039 Comici
1774 2986 1937 3038 etiam
1972 2980 2245 3051 numquid
2281 2980 2402 3036 iam

375 3055 458 3111 vel
492 3071 642 3108 nunc
679 3053 949 3122 quidnam
976 3056 1154 3123 possit
1258 3053 1433 3108 fortes
1471 3054 1550 3109 W
1684 3060 1716 3107 2
1753 3054 1938 3108 facere
1973 3056 2069 3110 Ba
2088 3055 2167 3110 W

1191 3237 1593 3299 CHRYSION

523 3355 837 3424 ‘Chrysion'
896 3354 1086 3425 (immo
1142 3354 1450 3425 Crusion)
1502 3372 1617 3411 non
1676 3356 1693 3382 ‘
1847 3354 1983 3409 sius’
2045 3355 2402 3410 scribendum

379 3442 499 3481 esse
535 3426 701 3507 ,vidit
755 3425 1085 3508 Spengelius
1139 3443 1194 3495 p.
1234 3432 1291 3482 ὃς
1351 3426 1419 3479 cf.
1476 3425 1585 3481 inc.
1637 3426 1751 3483 fab.
1943 3427 2035 3483 V1.
2119 3428 2184 3481 In
2237 3426 2400 3480 Anti-

377 3498 580 3568 phanis
626 3495 895 3566 Chryside
942 3497 1033 3568 (II)
1078 3496 1279 3553 habes:
1335 3496 1591 3567 τέτταρες
1645 3495 1699 3551 δ’
1753 3495 2079 3567 αὐλητρίδες
2122 3496 2399 3568 Ἔχουσι
