2610 4007
1010 194 1069 248 L.
1108 195 1476 251 AFRANIVS
2116 200 2245 265 209

223 353 349 425 [IV]
385 354 549 435 idem·
570 353 880 408 Simulante
918 354 1014 479 sgr]
1053 357 1111 407 et
1146 354 1207 408 in
1242 356 1639 438 Emancipato:
1679 359 2008 427 optandum’
2041 376 2087 415 e.
2118 378 2170 428 q.
2203 378 2244 415 s,

220 428 727 494 (eamancipato
763 426 922 479 H¹L1
1015 449 1029 481 ε
1073 442 1148 479 an
1184 431 1714 499 ecmancipato‘?)

1148 594 1321 653 XXII

221 691 362 777 <Ο>
411 694 606 777 quam
652 694 876 759 beatae
921 694 1206 759 scenicae
1251 694 1420 759 mihi
1459 696 1761 761 uidentur
1805 698 2121 782 muliereS,
2249 715 2352 763 100

224 798 400 876 Quae
446 799 661 884 iurgio
707 801 953 864 terre'nt
996 800 1174 864 uiros
1220 801 1513 867 desubito
1562 807 1627 867 et
1670 803 2108 868 beniuolentia

362 910 582 975 Nonius
639 927 759 989 517,
804 926 869 975 17
922 897 1284 976 ‘desubito‘
1326 968 1336 978 .
1371 966 1382 977 .
1415 968 1469 979 ..
1527 923 1792 978 Afranius
1847 925 2243 994 Emancipato:

221 994 415 1060 quam’
458 1009 504 1046 e.
536 1010 589 1061 q.
621 1010 662 1047 s.

366 1105 394 1151 1
439 1102 665 1153 scentae
701 1100 756 1153 L
801 1102 988 1153 scente
1028 1101 1122 1154 Ba
1169 1103 1390 1154 scentce
1429 1101 1561 1156 Par.
1594 1102 1641 1155 Ο
1793 1101 1934 1155 mihi
1979 1102 2245 1156 uidentur

218 1171 581 1241 Bruqmanns
610 1188 667 1239 p.
701 1177 766 1224 19
813 1170 1079 1225 uidentur
1113 1171 1254 1224 mihi
1292 1193 1335 1225 ω
1499 1178 1529 1224 2
1567 1174 1779 1226 terrent
1820 1176 1921 1244 (vel
1957 1175 2240 1244 torquent)

217 1239 371 1295 uiros
410 1241 670 1296 desubito
708 1244 766 1295 et
801 1240 1189 1296 beniuolentia
1221 1260 1286 1297 x:
1325 1242 1573 1296 mulcent
1603 1246 1927 1299 sententiam
1953 1247 2241 1314 explevisse

212 1319 364 1381 puto.
415 1314 474 1365 et
526 1311 913 1366 beniuolentia
966 1315 1179 1367 terrent
1229 1313 1387 1381 (fient
1433 1314 1638 1384 Palat.)
1692 1314 1952 1369 desubito
1999 1315 2149 1369 uiros
2197 1336 2239 1369 ω

218 1386 278 1436 et
324 1383 588 1438 desubito
633 1383 1017 1438 beniuolentia
1062 1386 1275 1438 terrent
1319 1384 1470 1437 uiros
1517 1387 1646 1439 olim
1690 1387 1943 1441 dederam
1987 1391 2241 1442 eaaenrae

218 1456 492 1525 legitimae
547 1457 810 1523 defectum
855 1457 1199 1525 polysyllabo
1250 1472 1532 1511 excusans,
1618 1455 1801 1526 iurgio
1855 1456 2239 1524 uiolentiaque

216 1527 431 1579 terrent
469 1526 728 1579 desubito
766 1525 917 1579 uiros
955 1527 1302 1582 Passeratius
1444 1528 1614 1594 quam
1649 1527 1852 1581 beatae
1892 1545 1932 1582 s.
1962 1527 2240 1582 Videntur

214 1595 480 1650 mulieres
539 1596 705 1664 mihi,
761 1614 906 1665 quae
959 1596 1142 1667 iurgio
1196 1598 1271 1651 Et
1324 1596 1710 1651 beniuolentia
1754 1600 1924 1652 urunt
1977 1598 2236 1653 desubito

214 1668 367 1722 uiros
406 1669 532 1723 Bne

1123 1801 1331 1868 XXIII

201 1879 316 1946 “O!
367 1921 451 1928 —
503 1882 672 1959 Quid
717 1883 997 1948 clamas}>

358 2003 643 2059 Charisius
686 2023 740 2074 p.
772 2011 876 2059 214
920 2007 978 2060 P.
1031 2007 1095 2060 ‘o
1143 2005 1386 2061 dolentis
1435 2009 1544 2081 est,
1600 2010 1665 2060 ut
1714 2052 1723 2061 .
1757 2051 1768 2062 .
1801 2050 1813 2062 .
1859 2007 2124 2068 Afranius
2175 2007 2236 2060 in

211 2076 611 2145 Emancipato:
659 2084 716 2132 o!
773 2076 910 2145 quid
947 2077 1224 2132 clamas?’

357 2184 599 2239 Possunt
633 2186 797 2239 etiam
832 2201 902 2238 ex
936 2187 1109 2240 medio
1145 2201 1301 2239 versu
1335 2191 1552 2253 sumpta
1588 2202 1694 2239 esse

1126 2351 1324 2409 XXIV

208 2453 344 2539 Au,
410 2453 508 2518 mi
560 2453 783 2518 homo!
874 2453 1071 2517 immo
1133 2453 1360 2537 edepol
1416 2454 1535 2516 uos
1597 2473 1965 2536 supremum
2018 2455 2232 2514 metim

1409 2558 1864 2623 concelebretl‘s
1913 2557 2096 2621 diem.

355 2680 641 2734 Charisius
677 2700 731 2750 p.
763 2687 867 2734 214
903 2682 963 2736 P.
1006 2682 1158 2735 ‘au'

353 2804 433 2858 mi
480 2804 648 2859 homo
689 2807 769 2859 ed.
802 2823 890 2874 pr.
938 2769 995 2858 rii
1033 2822 1157 2858 omo
1196 2806 1310 2860 eod.
1481 2806 1637 2859 Inter
1673 2805 1813 2858 duas
1851 2818 2115 2872 personas
2153 2804 2232 2858 sic

209 2878 594 2931 distribuenda
630 2883 680 2931 et
726 2878 1047 2946 corriyenda
1092 2894 1198 2931 esse
1243 2894 1341 2944 au,
1388 2877 1467 2928 mi
1512 2877 1693 2930 homo.
1745 2876 1770 2936 ΙΓ
1813 2873 1983 2927 immo
2031 2874 2230 2942 edepol

193 2964 338 3016 2uos,
394 2965 434 3002 s.
474 2965 544 3001 m.
595 2946 1039 3001 concelebrantis
1088 2946 1236 3001 diem
1281 2949 1554 3017 Bequins
1598 2946 1854 3001 censebat.
1929 2946 2228 2999 Exclama-

208 3021 380 3073 tionis
415 3035 646 3085 sensum,
683 3020 759 3073 ad
791 3036 943 3088 quem
971 3020 1255 3090 ¹sequentia
1289 3019 1587 3073 necessario
1616 3019 1908 3086 pertinent,
1948 3018 2231 3072 Terentius

206 3091 422 3159 adelph.
454 3095 557 3143 336
596 3091 840 3144 declarat

1025 3238 1419 3297 EPISTVLA

354 3355 606 3423 Supparo
661 3354 892 3408 indutus
946 3355 1116 3424 (XII),
1171 3353 1231 3406 id
1287 3356 1375 3407 est
1425 3353 1675 3422 puellam
1727 3352 2002 3407 mentiens
2057 3352 2225 3423 (XIV)

210 3425 542 3480 adulescens
584 3425 645 3479 in
683 3427 904 3480 amatae
943 3426 1169 3478 domum
1204 3424 1453 3494 irrepsit,
1500 3423 1600 3478 ubi
1638 3440 1759 3477 sero
1796 3424 1984 3478 nescio
2022 3423 2227 3492 quibus

207 3496 391 3550 turbis
419 3496 895 3550 intercedentibus
924 3495 1248 3569 agnoscitur
1275 3513 1310 3549 a
1338 3498 1515 3549 matre
1542 3494 1704 3548 irata.
1763 3495 1828 3548 Id
1858 3495 2006 3548 enim
2033 3496 2228 3548 narrat

207 3566 330 3620 filia
364 3567 430 3622 fr.
460 3568 577 3623 XV.

318 3667 475 3708 Scaen.
502 3678 625 3716 poen.
653 3668 784 3708 Rom.
811 3668 971 3718 fragm.
999 3667 1068 3709 ed.
1096 3667 1330 3706 Emenox.
1371 3666 1434 3706 11.
1839 3659 1904 3706 14
