2610 4007
372 153 456 218 58
1025 151 1395 207 CAECILIVS
1434 150 1732 206 STATIVS

674 345 1353 408 HYPOBOLIMAEVS
1412 345 2090 408 OHAERESTRATVS

268 476 336 524 85
372 458 543 525 Nam
590 459 715 523 ista
761 457 1019 543 quidem
1064 478 1233 521 noxa
1276 455 1591 521 muliebre
1637 448 1734 521 est
1774 458 1982 544 magis
2019 458 2211 542 quam
2247 459 2401 523 uiri.

512 580 710 634 Festus
747 598 802 648 p.
826 586 928 633 174
948 579 1021 633 M.
1065 579 1268 633 ‘noxa
1302 580 1602 646 peccatum
1629 580 1729 631 aut
1756 594 1858 648 pro
1884 582 2120 647 peccato
2147 595 2397 660 poenam

368 682 440 691 —
475 650 639 720 item,
677 668 806 704 cum
841 650 933 704 lex
968 650 1128 704 iubet
1162 665 1344 703 noxae
1381 649 1601 718 dedere,
1636 666 1739 718 pro
1774 652 2008 718 peccato
2046 650 2178 704 dedi
2213 649 2394 705 iubet.

370 721 645 776 Caecilius
700 721 761 774 in
813 720 1359 791 Hypobolimaeo
1417 720 1890 775 chaerestato:
1944 722 2107 774 nam'
2166 737 2211 776 e.
2249 738 2301 789 q.
2343 739 2392 777 s.

370 792 877 863 (Chaerestrato
915 791 1189 861 Scaliger)

509 899 686 953 istaec
727 899 1033 954 Grauertus
1202 896 1474 951 muliebre
1512 901 1599 952 est
1632 898 1870 953 Bothius
1906 899 1995 968 (cf.
2034 898 2148 954 Leo
2184 899 2271 954 Pl.
2313 900 2393 954 F.

369 972 495 1040 259)
538 969 869 1024 muliebrem
919 973 979 1024 et
1031 971 1144 1025 cod.
1200 967 1492 1022 muliebris
1538 971 1625 1023 est
1670 969 1905 1025 Vrsimus
1958 969 2277 1025 muliebrist
2323 970 2392 1026 0.

369 1041 699 1107 Muellerus,
748 1041 900 1096 Bria:
947 1043 1023 1096 ad
1072 1042 1271 1095 Plauti
1318 1042 1430 1095 mil.
1471 1045 1572 1093 187
1609 1039 1888 1094 mulierist
1939 1040 2249 1097 Grauertue

366 1111 617 1165 mulieris
652 1111 835 1181 magis
872 1128 1042 1180 quam
1078 1110 1187 1164 uiri
1225 1113 1313 1164 est
1349 1111 1661 1166 Meinekius
1697 1112 1851 1167 Men.
1881 1129 1940 1180 p.
1983 1116 2083 1165 172

772 1330 1455 1393 HYPOBOLIMAEVS
1520 1330 1981 1391 RASTRARIA

505 1449 586 1505 Cf.
623 1449 982 1504 Woelfflinus
1020 1465 1160 1503 mus.
1201 1447 1378 1502 Rhen.
1419 1453 1505 1518 43,
1545 1453 1665 1502 308.

364 1681 720 1748 Obsurduit
762 1683 892 1747 iam
935 1683 1093 1747 haec
1138 1682 1209 1747 1'n
1254 1704 1397 1747 mea
1443 1704 1745 1746 aerumna
1790 1681 2064 1746 miseria.

504 1803 720 1858 Nonius
770 1810 888 1873 147,
937 1810 968 1857 3
1028 1803 1451 1858 ‘obsorduit'
1509 1802 1899 1874 (obsurduit
1965 1804 2072 1873 Ba,
2146 1803 2207 1857 in
2270 1821 2386 1872 quo

364 1874 568 1928 lemma
606 1873 788 1929 solum
822 1877 999 1944 extat)
1039 1873 1358 1929 ‘obsoleuit
1417 1873 1693 1928 Caecilius
1730 1874 1830 1944 Hy
1889 1874 2077 1928 ouoli
2114 1874 2389 1930 Ristra-

363 1944 488 2000 ria:
519 1945 831 2001 obsorduit'
855 1962 1020 2016 e.q.s.
1048 1945 1298 2019 (hypob
1338 1945 1680 2000 rastraria
1709 1945 1804 1999 HL
1895 1945 2388 2016 ypobolimaea

363 2017 726 2072 Rastraria
763 2018 1031 2088 Scaliger)

504 2123 796 2178 obsorduit
830 2145 898 2180 m:
936 2126 1004 2192 cf.
1042 2126 1119 2179 ad
1155 2130 1238 2194 95,
1279 2130 1311 2177 2
1454 2140 1581 2177 mea
1619 2124 1997 2180 Fleckeisenus
2031 2141 2122 2178 me
2161 2146 2204 2179 ω

1339 2272 1401 2330 Π

360 2373 439 2439 In
484 2375 669 2440 u6ltu
715 2375 963 2459 eodem,
1009 2375 1077 2438 in
1125 2374 1346 2438 eadem
1389 2376 1639 2438 mantat
1682 2372 1947 2437 malitia.

502 2496 717 2552 Nonius
762 2500 892 2564 505,
931 2500 998 2548 23
1050 2495 1345 2550 ‘mantat
1387 2511 1488 2564 pro
1534 2496 1744 2552 manet.
1814 2492 2090 2549 Caecilius
2136 2495 2382 2566 Hypob

359 2567 747 2622 Rastraria:
786 2566 846 2620 in
881 2565 1063 2620 uoltu'
1106 2583 1150 2620 e.
1191 2584 1243 2634 q.
1283 2584 1327 2620 s,
1999 2603 2004 2609 ·

1324 2698 1418 2757 HI

359 2800 497 2866 Hos
542 2800 918 2886 singulatim
963 2800 1209 2884 sapere,
1254 2821 1373 2863 nos
1419 2799 1631 2863 minus
1676 2798 1973 2864 arbitror.

499 2920 717 2976 Nonius
766 2927 893 2990 176,
933 2926 962 2975 7
1015 2919 1457 2990 ‘singulatim
1512 2924 1571 2974 et
1625 2919 1959 2990 singillatim
2041 2937 2075 2974 a
2123 2920 2382 2991 singulis.

362 2992 635 3047 Caecilius
672 2991 1021 3062 Hypoboli
1058 2991 1443 3046 Rastraria:
1482 2991 1607 3045 hos’
1650 3007 1695 3046 e.
1735 3009 1787 3060 q.
1828 3009 1869 3048 s.

499 3116 602 3154 nos
640 3117 683 3154 s.
723 3116 765 3153 s.
803 3115 916 3154 uon
953 3099 1190 3153 Bothius

358 3289 379 3297 r
1321 3231 1409 3289 IV

360 3331 608 3398 Rabere
657 3355 724 3397 se
773 3333 864 3397 ait

498 3453 714 3508 Nonius
753 3459 841 3522 40,
880 3460 911 3508 3
958 3435 1235 3509 ‘tabere
1281 3454 1497 3510 dictum
1542 3458 1627 3510 est
1673 3472 1708 3509 a
1749 3454 1908 3510 rabie
2003 3490 2017 3501 ·
2053 3497 2067 3512 .
2102 3454 2381 3511 Caecilius

357 3524 896 3595 Hypobolimaeo
934 3525 1339 3582 Rastrabia:
1375 3545 1417 3581 r.
1448 3544 1489 3581 s.
1522 3528 1596 3582 a.'
1636 3526 2076 3598 (hipolimaeo
2114 3531 2382 3582 rastra-
