2610 4007
358 140 489 205 150
705 140 804 194 EX
837 140 917 195 IN
921 140 1169 197 CERTIS
1206 140 1685 197 INOERTORVM
1720 140 2023 195 FABVLIS

496 300 708 356 Seneca
745 301 913 383 epist2
947 307 1041 371 94,
1079 307 1145 356 28
1186 300 1493 383 ‘numquid’
1516 299 1792 356 rationem
1837 299 2024 370 exiges
2038 344 2051 367 ‚
2099 317 2228 354 cum
2263 299 2379 355 tibi

355 372 561 441 aliquis
598 373 700 428 hos
739 373 944 428 dixerit
980 380 1209 428 uersus?
1279 373 1721 427 Iniuriarum’
1762 388 1807 428 e.
1848 390 1899 441 q.
1939 389 1980 425 s.
2029 372 2211 443 (Publ.
2253 371 2376 441 Syr.

355 446 496 500 sent.
537 450 639 500 222
675 445 753 498 R¹
790 472 857 492 ==
896 449 1001 499 250
1036 444 1126 500 W.
1163 443 1190 497 Ι
1226 449 1291 497 21
1331 443 1427 513 Μ.)

1287 612 1485 671 XXIV

355 712 471 780 Sat
517 713 811 778 celeriter
855 713 933 777 fit
979 611 1292 797 quidqui1‹i
1337 714 1451 778 fiet
1495 714 1652 778 satis
1696 714 1877 779 bene.

497 834 796 889 Suetonius
836 834 1029 889 Octav.
1069 840 1139 888 25
1180 834 1395 889 ‘crebro
1442 833 1635 903 itaque
1680 835 1783 890 illa
1827 836 2107 891 iactabat=
2167 840 2379 892 σπεῦδε

353 904 604 978 βραδέως
648 908 707 960 et
752 905 1010 976 ἀσφαλὴς
1053 903 1160 976 γάρ
1207 903 1317 961 ἐστ’
1360 903 1607 974 ἀμείνων
1652 904 1687 975 ἢ
1732 909 1952 976 θρασὺς
2000 907 2383 978 στρατηλάτης

353 979 437 1031 et:
474 979 586 1030 sat
622 976 949 1031 celeriter
985 976 1148 1031 fieri
1185 995 1237 1046 q.
1276 976 1413 1031 fiat
1448 995 1490 1031 s.
1530 977 1607 1031 b.'
1674 978 1935 1033 Fortasse
1970 979 2111 1034 haec
2149 997 2380 1049 quoque

352 1046 522 1101 mimo
559 1047 846 1103 reddenda
883 1050 1028 1103 sunt.

489 1154 662 1209 Verba
696 1156 761 1210 in
794 1171 1047 1211 numeros
1079 1157 1202 1212 rede
1237 1156 1274 1210 i.
1308 1199 1319 1210 .
1358 1156 1449 1209 sat
1484 1173 1530 1210 c.
1567 1155 1606 1210 f.
1646 1174 1698 1225 q.
1737 1155 1802 1210 fit
1839 1156 1977 1211 satis
2014 1157 2158 1212 bene
2189 1157 2383 1215 Luchs

352 1226 494 1281 stud.
532 1225 559 1279 I
597 1231 664 1279 70
701 1228 792 1280 sat
827 1244 873 1281 c.
914 1225 1143 1299 (scito)
1221 1226 1300 1280 eri
1338 1244 1391 1295 q.
1430 1225 1468 1281 f.
1509 1244 1551 1281 s.
1589 1227 1643 1281 b.
1683 1227 1953 1284 Dziatzko

1253 1393 1472 1453 LXXV

248 1504 383 1575 90s1
406 1494 557 1562 'Vbi
602 1496 817 1581 (iam)
859 1518 992 1562 non
1028 1518 1096 1561 es
1133 1494 1252 1580 qus
1281 1495 1485 1581 fuisti,
1520 1516 1652 1560 non
1680 1499 1778 1562 est
1804 1499 1918 1561 cur
1943 1497 2105 1562 uelis
2132 1495 2377 1566 uiuere.

497 1617 687 1674 Cicero
717 1635 801 1701 ep.
832 1619 906 1673 ad
933 1618 1064 1674 fam.
1088 1617 1194 1672 VH
1222 1623 1272 1685 3,
1299 1623 1335 1671 4
1367 1618 1624 1672 ‘mortem
1659 1617 1801 1671 mihi
1836 1635 1935 1672 cur
1970 1619 2379 1675 consciscerem

354 1705 525 1743 causa
558 1706 674 1743 non
709 1706 835 1743 uisa
871 1692 983 1757 est,
1032 1706 1130 1744 cur
1165 1690 1421 1758 optarem
1463 1687 1676 1743 multae
1728 1705 1956 1757 causae3
2011 1692 2210 1745 uetus
2267 1695 2378 1747 est

353 1759 554 1826 enim,
600 1760 718 1813 ubi
761 1776 894 1814 non
939 1759 1032 1813 sis
1079 1758 1194 1828 qui
1238 1759 1482 1827 fueris,
1528 1776 1660 1814 non
1706 1776 1852 1814 esse
1898 1777 2014 1815 cur
2050 1761 2228 1816 uelis
2268 1762 2375 1817 ui-

353 1830 550 1884 uere.’
627 1829 881 1885 Scaenici
934 1833 1137 1899 poetae
1190 1830 1532 1885 versiculum
1574 1846 1696 1886 esse
1741 1830 2023 1886 intellexit
2068 1832 2379 1889 Schneide-

352 1899 531 1954 winus
568 1899 772 1955 Philol.
800 1901 878 1955 111
910 1906 1030 1970 132,
1068 1900 1166 1969 qui
1202 1901 1273 1956 de
1309 1904 1337 1955 t
1444 1901 1527 1956 'co
1567 1901 1932 1971 cogitaverat,
1968 1902 2118 1958 inter
2153 1922 2376 1961 comoe—

354 1970 482 2026 diae
535 1971 804 2041 reliquias
857 1971 979 2042 ipse
1032 1971 1233 2043 recepi.
1326 1973 1396 2030 Se
1491 1972 1561 2028 de
1614 1989 1818 2044 genere
1871 1973 2099 2030 fabulae
2154 1974 2376 2033 incerta

356 2042 634 2099 ariolatio.
673 2043 776 2116 (cf.
805 2060 950 2113 quae
977 2043 1279 2099 Teuffelius
1315 2044 1539 2099 monuit
1574 2062 1702 2100 ann.
1739 2044 1935 2116 philol.
1968 2052 2105 2102 1876
2141 2066 2195 2118 p.
2225 2054 2374 2121 432.)

496 2155 565 2205 90
600 2167 676 2232 sq.
726 2153 1048 2208 sententiam
1088 2152 1331 2207 nwmerie
1373 2153 1490 2208 suis
1533 2153 1811 2209 includere
1845 2154 1952 2208 alii
1985 2155 2148 2210 aliter
2183 2159 2376 2212 conati

352 2228 495 2278 mont.
567 2222 668 2276 1‘1b1
703 2239 817 2277 non
854 2222 930 2276 sis
968 2220 1066 2291 qui
1100 2221 1297 2292 fueris,
1349 2238 1462 2277 non
1500 2226 1587 2277 est
1624 2240 1722 2276 cur
1756 2223 1898 2278 uelis
1937 2224 2097 2297 <iam
2176 2225 2373 2283 uiuere

353 2294 477 2347 Bne
507 2311 641 2349 mus.
671 2294 845 2350 Rhen.
868 2299 950 2362 11,
980 2299 1081 2347 511
1112 2292 1215 2362 (ibi
1246 2295 1479 2350 inseruit
1507 2295 1886 2351 Fleckeisenus
1919 2299 2097 2352 annal
2121 2340 2130 2351 .
2157 2299 2373 2379 philon.

356 2368 491 2419 1861
524 2382 582 2434 p.
615 2370 735 2434 141,
775 2370 911 2420 1866
940 2382 999 2434 p.
1030 2369 1133 2419 628
1169 2368 1268 2436 sq.)
1304 2364 1403 2419 ubi
1447 2382 1561 2420 non
1611 2380 1669 2419 es
1707 2365 1843 2440 <is>
1880 2366 1979 2435 qui
2024 2367 2210 2438 fuisti,
2256 2387 2376 2425 non

355 2437 442 2489 est
478 2452 577 2489 cur
610 2435 752 2490 uelis
789 2435 980 2490 uiuere
1019 2435 1203 2492 Havet

1234 2569 1484 2629 LXXVI

356 2667 558 2754 Saepe
605 2670 718 2755 qui
762 2670 1051 2735 misereri
1096 2671 1339 2756 potuit,
1384 2671 1627 2757 rogitat
1672 2671 2190 2737 misericordiam.

499 2790 710 2846 Seneca
756 2794 1003 2847 controv.
1040 2792 1118 2846 IX
1153 2798 1221 2847 27
1258 2810 1313 2862 p.
1354 2798 1458 2847 274
1493 2791 1555 2848 Β.
1629 2792 1867 2849 Versum
1916 2807 2036 2846 esse
2086 2791 2379 2849 intellexit

354 2863 606 2917 Andreas
645 2863 923 2918 Schottus.

496 2969 708 3040 rogitat
741 2968 1183 3025 misericordiam
1218 2977 1436 3039 poetam
1469 2971 1745 3040 scripsisse
1780 2965 2024 3041 suspicor
2059 2969 2378 3045 misericorz

357 3039 510 3095 diam
545 3043 710 3111 rogat
746 3041 962 3098 Seneca.

1219 3155 1500 3215 LXXVII

357 3306 372 3321 .
421 3307 433 3321 .
483 3308 496 3322 .
543 3257 736 3323 homo
782 3256 997 3322 locum
1042 3258 1256 3343 ornat,
1307 3279 1438 3322 non
1481 3256 1809 3322 hominem
1851 3255 2048 3323 locus.

498 3377 781 3432 Charisius
817 3396 872 3448 p.
903 3384 1006 3433 254
1033 3378 1094 3432 Ρ.
1136 3378 1258 3447 ‘per
1293 3377 1762 3434 antimaabolen:
1799 3378 1987 3433 homo’
2028 3395 2074 3433 e.
2096 3396 2158 3446 .q.
2188 3395 2230 3434 s.
2284 3376 2375 3434 Si-

355 3446 667 3515 minimam,
698 3449 796 3503 sed
824 3450 1008 3504 colore
1032 3448 1313 3503 diversam
1331 3449 1669 3503 sententiam
1687 3448 1925 3519 protulit
1941 3448 2142 3520 Accius
2169 3466 2221 3503 v.
2245 3454 2372 3505 272.

354 3517 564 3571 Nostra
611 3519 684 3571 ad
730 3520 880 3586 quod
926 3519 1214 3597 scaenicae
1258 3519 1446 3587 poesis
1492 3536 1668 3589 genus
1713 3519 1995 3589 pertineat
2040 3519 2367 3590 ambiguum
