2610 4007
302 137 315 150 ’
386 160 512 225 128
1046 161 1321 218 SEXTVS
1357 147 1738 218 TVRPILIVS

1355 331 1419 389 H

397 429 607 496 Nemo
653 434 962 516 umquam
1006 430 1174 495 uidit
1219 432 1470 496 ebrium
1517 433 1610 496 ire
1656 433 1826 497 inter
1872 433 1983 498 diu

274 551 378 601 200
397 537 626 622 Neque
671 538 928 602 turbam
973 538 1180 602 facere
1225 539 1433 622 neque
1478 538 1649 604 fores
1695 544 1973 604 exurere.

521 658 740 713 Nonius
778 664 898 728 524,
937 664 1003 712 27
1047 658 1346 713 ‘turbam
1393 661 1451 713 et
1494 659 1689 714 turbas
1741 661 2025 717 diuersam
2060 663 2262 717 uolunt
2298 664 2405 719 ha-

379 729 513 784 bere
559 728 1052 799 significationem,
1107 732 1173 784 ut
1218 730 1293 784 sit
1337 730 1507 785 turba
1556 731 1752 813 populi
1806 735 2140 802 conuentu8‚
2195 734 2405 791 turbae

378 801 748 856 turbationes,
820 801 939 855 Nos
981 802 1178 855 eontra
1212 801 1423 856 lectum
1458 802 1775 859 inuemmus
1812 807 1872 859 et
1905 803 2208 862 indiscrete
2245 807 2407 876 posi-

379 875 502 927 tum
539 874 598 926 et
631 888 732 941 pro
769 871 950 926 turbis
988 870 1214 926 turbam
1251 917 1264 928 .
1295 916 1305 927 .
1340 874 1375 927 .’

522 975 554 1023 2
591 969 773 1024 fecere
809 970 864 1023 L
1005 985 1243 1025 uxurare
1289 971 1395 1025 W¹

1345 1104 1437 1162 ΙΠ
1490 1090 1492 1093 ⁴

381 1200 699 1267 Cor6nam
736 1226 1021 1269 mensam
1067 1204 1232 1269 talos
1262 1205 1529 1289 uinum,
1574 1204 1732 1270 haee
1776 1205 1971 1271 husus
2015 1208 2217 1294 modi,

378 1307 628 1386 Quibus
671 1311 864 1375 rebus
906 1311 1047 1376 uita
1091 1312 1420 1376 amantum
1465 1312 1738 1377 inuitan'
1776 1313 1958 1378 solet.

518 1431 736 1486 Nonius
775 1438 896 1502 321,
918 1439 982 1486 11
1026 1432 1350 1486 ‘inuitari
1387 1434 1474 1487 est
1510 1432 1794 1489 delectari.
1816 1433 1971 1504 Virg.
2003 1435 2200 1506 Georg.
2221 1436 2321 1492 lib.
2344 1438 2376 1491 Ι
2389 1463 2404 1494 2

376 1501 588 1557 inuitat
613 1503 853 1573 genialis
882 1504 1061 1559 hiems
1093 1548 1104 1559 .
1137 1548 1149 1560 .
1182 1549 1192 1559 .
1223 1503 1508 1573 Turpilius
1547 1503 2057 1575 Trasyleonem:
2094 1507 2395 1563 horonam’

377 1589 424 1627 e.
464 1592 517 1643 q.
557 1592 598 1629 e.
677 1574 849 1630 ‘idem
883 1576 1172 1645 Filopatro
1210 1575 1330 1647 [VT

521 1686 550 1733 1
583 1697 845 1735 eoronam
864 1682 1146 1737 Mereems
1171 1681 1445 1736 horonam
1468 1703 1536 1737 m:
1566 1681 1869 1737 choronam
1894 1686 2196 1755 aliquando
2222 1688 2398 1756 serip-

374 1757 491 1805 tum
524 1753 639 1819 fuit
744 1751 939 1823 uinum
973 1753 1204 1821 Lipsius
1239 1751 1405 1806 uinus
1442 1752 1503 1806 in
1540 1774 1582 1807 ω
1692 1760 1723 1807 2
1761 1753 1885 1808 uita
1921 1758 2213 1810 amantum
2247 1756 2400 1812 inui-

373 1821 488 1874 tari
525 1821 670 1875 solet
704 1823 936 1893 Lipsius
971 1822 1151 1877 uitam
1166 1883 1169 1886 ,
1187 1826 1466 1878 amattum
1500 1823 1734 1879 inuitari
1772 1826 1947 1880 solem
1984 1848 2026 1882 ω

1337 1955 1425 2014 ΠΤ

373 2055 504 2120 Dat
547 2055 721 2120 ultro
766 2077 840 2121 ae
884 2057 1257 2122 muneratur
1303 2059 1475 2142 quod
1522 2059 1603 2123 ab
1648 2059 1762 2126 isso
1809 2060 2093 2127 abstulit.

514 2177 733 2231 Nonius
779 2164 900 2248 47⁶1,
940 2183 1007 2232 18
1066 2179 1490 2233 ‘muneratur
1542 2197 1642 2250 pro
1699 2183 1977 2238 munerat’
2035 2183 2137 2255 (sic
2191 2185 2394 2242 Bamb.

377 2249 658 2304 ‘munerat
692 2266 793 2319 pro
830 2250 1176 2303 muneratur’
1217 2249 1427 2321 ceteri).

513 2359 840 2412 muneratur
875 2358 1113 2412 Bothius
1148 2360 1408 2412 munerat
1444 2379 1486 2412 ω
1630 2358 1687 2414 al
1733 2359 1812 2414 W

1352 2491 1409 2549 V

370 2589 607 2656 Videre
653 2591 841 2676 cupio
886 2593 1181 2657 u6strum
1225 2593 1731 2658 mereim6nium.

371 2783 419 2837 V
451 2712 729 2853 HNOfflssg
767 2718 887 2782 213,
927 2719 959 2767 9
1001 2713 1541 2768 ‘mercimonium
1575 2713 1761 2769 neutri
1798 2759 1809 2770 .
1843 2759 1854 2771 .
1886 2716 1922 2771 .’
1963 2715 2387 2785 (trasuleone

424 2801 452 2836 r
490 2801 565 2837 m.

511 2875 763 2927 nostrum
800 2873 854 2927 L
891 2875 1141 2928 uestrum
1178 2895 1221 2944 φ

1332 2971 1420 3030 VI

262 3090 367 3142 205
385 3071 452 3137 N
454 3094 538 3137 on
584 3073 680 3137 est
725 3072 1063 3137 mediocris
1105 3058 1234 3159 res,
1280 3094 1486 3156 neque
1532 3074 1715 3158 (est)
1758 3073 2054 3160 uulgaria

385 3178 665 3243 Fallacia
708 3178 882 3243 haee.

509 3300 725 3354 Nonius
763 3305 884 3370 488,
914 3304 981 3353 26
1023 3299 1441 3369 ‘uulgariam
1475 3317 1575 3370 pro
1613 3300 1906 3371 uulgarem
1936 3344 1949 3360 .
1973 3346 1984 3358 .
2008 3303 2043 3356 .’
2084 3305 2386 3375 (tr-ansy-

366 3370 564 3425 leone
609 3370 829 3441 Bamb.)

509 3472 537 3520 1
576 3483 663 3521 res
701 3470 801 3523 del.
829 3486 870 3524 ω
904 3469 1044 3523 haee
1079 3485 1166 3523 res
1197 3471 1354 3538 prob.
1384 3470 1794 3526 Studemwndus
1902 3477 1933 3524 2
1972 3470 2114 3525 haec
2148 3469 2386 3527 fallacia

367 3536 605 3590 Bothius
641 3541 914 3596 trochaeos
947 3558 1244 3596 numerans
