2610 4007
340 159 429 223 34
1121 160 1231 218 CN.
1269 160 1591 216 NAEVIVS

341 336 464 373 esse
501 319 598 387 qui
632 322 852 389 noceat,
891 320 1042 388 quod
1079 322 1266 374 sontes
1307 319 1591 390 significat
1617 323 1899 376 nocentes.
1975 319 2227 374 Naeuius
2255 321 2373 378 ait·

345 389 640 444 sonticam’
683 406 729 445 e.
760 409 812 459 q.
844 409 887 447 s.
942 390 1152 445 Paulus
1188 410 1242 460 p.
1274 397 1376 446 291
1406 391 1479 445 Μ.
1522 390 1896 445 ‘sonticum
1933 391 2162 446 iustum.
2217 391 2374 445 Nae-

340 462 492 517 uius:
531 461 827 516 sonticam’
869 478 914 517 e.
945 479 998 530 q.
1029 480 1069 516 s

1268 542 1442 600 XXII

338 642 515 708 Haec
544 643 804 728 quidem
831 642 1071 722 hercle,
1109 643 1365 730 opinor,
1398 643 1675 728 praefica
1702 646 1824 707 est:
1859 665 2010 708 nam
2038 644 2373 708 m6rtuum

1619 749 1955 814 collaudat.

480 863 659 916 Varro
706 862 775 915 de
820 861 857 916 1.
905 861 943 916 1.
983 862 1087 917 VH
1117 867 1183 916 ⁷0
1210 862 1286 917 M.
1346 862 1694 931 ‘praefica
1750 861 1928 932 dicta,
1982 865 2048 916 ut
2100 861 2369 917 Aurelius

342 933 553 1002 scribit,
591 932 791 986 mulier
827 933 901 986 ad
927 932 1144 987 luctum
1170 948 1316 1002 quae
1345 934 1763 1001 conduceretur,
1801 949 1946 1001 quae
1974 936 2107 988 ante
2136 934 2370 988 domum

331 1004 547 1058 'mortui
592 1002 811 1058 laudeis
861 1003 980 1058 eius
1037 1007 1315 1059 caneret.
1427 1004 1675 1073 quibus
1730 1004 2202 1059 testimonium
2260 1008 2372 1060 est

340 1075 519 1143 quod
555 1074 808 1129 fretum
846 1078 951 1129 est
977 1074 1260 1131 Naeuii.
1298 1047 1460 1130 iiaec’
1493 1092 1538 1130 e.
1570 1094 1622 1144 q.
1655 1094 1695 1129 s.
1764 1075 1942 1144 quod
1978 1075 2223 1129 tritum
2260 1079 2371 1131 est

338 1146 457 1200 Bue
530 1146 708 1214 quod
779 1146 1082 1200 facetum
1135 1146 1256 1215 (vel
1322 1146 1551 1201 facete
1607 1146 1895 1216 dictum)
1953 1149 2057 1201 est
2121 1146 2370 1203 conieci.

341 1221 489 1271 certe
538 1217 720 1285 quod
758 1220 863 1271 est
898 1234 1013 1271 11011
1050 1217 1506 1286 oblitterandum,
1548 1217 1615 1272 cf.
1657 1233 1703 1271 e.
1734 1234 1778 1272 c
1812 1223 1894 1271 15.
1926 1223 2010 1273 28.
2041 1223 2126 1272 46.
2199 1218 2371 1272 Pauli

338 1289 537 1342 Festus
574 1306 626 1357 p.
659 1293 762 1342 223
792 1288 866 1342 M.
909 1288 1205 1358 praefic
1218 1305 1292 1342 ae
1340 1289 1602 1343 dicuntur
1637 1288 1920 1342 mulieres·
1938 1288 2011 1342 ad
2048 1288 2370 1343 lamentan-

340 1359 473 1413 dum
507 1361 796 1441 mortuum·
827 1360 1152 1429 conductae,
1191 1376 1338 1428 quae
1376 1360 1515 1413 dant
1553 1359 1752 1414 ceteris
1780 1360 2009 1413 modum
2036 1359 2369 1431 plangendi,

339 1430 502 1499 quasi
540 1430 601 1484 111
636 1431 743 1485 hoc
780 1430 965 1500 ipsum
998 1404 1334 1500 praefectae.
1408 1430 1685 1486 Naeuius:
1700 1431 1885 1582 lhaec’
1927 1447 1972 1484 e.
2003 1448 2055 1498 q.
2087 1449 2129 1487 s.

479 1528 620 1582 haec
657 1528 908 1600 quidem]
938 1528 1200 1597 equidem
1225 1530 1364 1583 coni
1394 1528 1466 1584 A.
1488 1528 1635 1597 Spen
1843 1528 2370 1597 mehercleJPaulus

442 1617 577 1654 nam
614 1601 789 1656 Varro
834 1615 980 1668 quae
1027 1599 1108 1653 sic
1145 1600 1363 1654 Paulus
1398 1601 1565 1669 (wnde
1601 1617 1638 1653 a
1661 1606 1835 1655 tervan
1871 1602 2238 1669 septenariwm
2273 1603 2368 1655 in·-

337 1672 513 1740 cipere
555 1673 729 1726 voluit
773 1671 1103 1726 Ritschelius
1148 1671 1431 1742 Parer9.1
1459 1673 1548 1740 99)
1586 1669 1749 1738 quasi
1794 1673 2014 1727 ccmieci.
2131 1672 2370 1727 Placent

337 1743 554 1797 numeri
588 1742 859 1797 Bothiani

1247 1821 1450 1879 XXIII

235 1907 338 1956 130
359 1919 528 1998 Quid
579 1920 634 1984 si
680 1921 935 1986 taceas?
990 1922 1142 1987 (111111
1189 1923 1467 2008 <modo>
1520 1921 1764 2009 uideat,
1819 1922 1953 1986 tam
2000 1921 2160 1986 sciat
2206 1923 2365 2007 quid

233 1979 335 2028 131
1612 2030 1923 2115 scriptum
1969 2030 2107 2094 siet.

479 2139 678 2194 Festus
722 2159 776 2209 p.
817 2146 922 2195 360
957 2141 1032 2196 Μ.
1083 2143 1169 2196 ‘at
1216 2141 1437 2210 antiqui
1482 2144 1622 2196 tam
1668 2141 1841 2196 etiam
1886 2158 1986 2211 pro
2033 2145 2225 2196 tamen
2269 2142 2363 2197 usi

339 2212 494 2281 sunt,
534 2213 601 2265 ut
635 2211 911 2268 Naeuius.
949 2212 1106 2281 quid’
1148 2229 1194 2267 e.
1226 2230 1278 2280 q.
1311 2231 1353 2266 s

480 2310 751 2366 Nwmeros
793 2327 984 2380 sequor
1018 2312 1326 2366 Bothianos
1589 2310 1740 2380 quod
1787 2311 1959 2366 Vatia.
1999 2310 2056 2365 R
2110 2310 2208 2379 qui
2252 2329 2361 2383 my

349 2381 526 2436 Vrsin.
697 2377 889 2436 taceas
925 2383 1150 2451 scripsi:
1188 2383 1256 2449 cf.
1297 2382 1496 2437 Plauti
1531 2383 1733 2437 Bacch.
1766 2387 1833 2435 35
1870 2383 2062 2435 taceat
2097 2384 2212 2437 cod.

338 2451 490 2518 quod
537 2452 708 2508 Vatia.
746 2453 803 2508 R
946 2452 1054 2507 siet
1089 2454 1327 2509 Bothius
1364 2452 1441 2506 sit
1476 2456 1592 2509 cod.

336 2649 685 2714 butubatta
1250 2585 1448 2644 XXIV

479 2753 646 2808 Pauli
690 2753 889 2808 Festus
934 2774 988 2824 p.
1025 2759 1093 2808 36
1120 2754 1195 2809 Μ.
1257 2754 1666 2808 ‘butubatta
1719 2754 1970 2809 Naeuius
2025 2772 2124 2824 pro
2180 2773 2363 2826 nuga-

337 2823 498 2878 toriis
534 2824 749 2896 posuit,
786 2825 894 2879 hoc
932 2828 1019 2880 est
1053 2824 1263 2879 nullius
1302 2824 1689 2895 dignationis)

1263 2957 1430 3015 XXV

340 3040 812 3124 concipilauisti

480 3153 646 3207 Pauli
683 3153 882 3207 Festus
918 3170 973 3223 p.
1004 3159 1071 3207 62
1090 3152 1164 3207 M.
1208 3152 1776 3223 ‘concipilauisti
1814 3154 2029 3208 dictum
2064 3173 2099 3209 a
2136 3156 2362 3212 Naeuio

336 3241 439 3293 pro
479 3223 798 3294 corripuisti
836 3226 894 3278 et
929 3222 1237 3280 inuolasti.’
1315 3223 1396 3281 cf.
1435 3224 1498 3279 G.
1537 3224 1749 3279 Loewii
1785 3225 2069 3282 Prodrom.
2098 3227 2242 3284 XIH.

661 3424 673 3436 ,
704 3419 711 3420 .
1248 3358 1445 3417 XXVI

336 3444 678 3507 consponsl

479 3535 656 3590 Varro
695 3536 763 3590 de
799 3536 903 3613 1.1.
932 3537 1010 3593 VI
1039 3542 1107 3594 70
1126 3538 1199 3592 Μ.
1247 3536 1369 3604 ‘qui
1405 3536 1557 3590 idem
1592 3536 1770 3591 faciat
1807 3537 2092 3607 obligatur
2129 3555 2362 3609 sponsu,
