2610 4007
815 156 1184 212 CAECILIVS
1223 156 1526 212 STATIVS
2093 158 2182 222 45

168 318 408 408 μιιξθὸν
458 319 558 371 καὶ
598 295 858 388 μάγειροι
902 318 1121 372 δώδεκα
1158 318 1273 371 Καὶ
1310 318 1640 387 δημιουργοὶ
1676 313 1891 387 μέλιτος
1927 317 2185 372 αἰτοῦσαι

167 407 397 458 σκαφας.

168 550 181 562 .
222 550 235 562 .
281 520 676 582 quamquam
723 519 843 585 ego
890 497 1178 563 mercede
1223 497 1351 562 huc
1397 497 1750 563 conduct-iis
1793 500 1907 562 tua

165 603 487 689 Adueni0‚
531 626 613 669 ne
658 604 783 670 tibi
826 627 929 669 me
976 606 1111 669 esse
1156 603 1240 669 ob
1288 626 1429 669 eam
1473 625 1610 668 rem
1656 603 2009 669 obn6xium

164 710 394 775 Reare:
441 710 694 776 audibis
739 710 934 796 male,
976 711 1034 775 si
1077 710 1244 775 male
1291 709 1453 775 dicis
1496 709 1676 776 mihi.

305 831 526 887 Gellius
552 832 632 887 VI
659 838 745 901 1¹7,
776 837 841 886 13
883 831 1031 913 ‘quis
1079 832 1220 886 adeo
1256 833 1386 885 *tam
1421 831 1650 902 linguae
1685 832 1922 887 Latinae
1957 832 2187 902 ignarus

167 908 266 973 est,
306 903 450 973 quin
486 903 630 958 sciat
666 920 795 958 eum
832 902 946 956 dici
983 902 1374 972 obnoxium,
1412 902 1504 957 cui
1539 903 1677 972 quid
1713 904 1786 958 ab
1825 920 1909 974 e0,
1947 903 2040 958 cui
2068 920 2189 958 esse

168 974 445 1030 obnoxius
483 974 714 1045 dicitur,
753 974 1157 1030 incommodari
1192 976 1251 1028 et
1285 972 1476 1028 noceri
1510 974 1709 1045 possit,
1751 977 1811 1029 eb
1844 975 1944 1045 qui
1978 975 2192 1030 habeat

167 1046 418 1116 aliquem
453 1062 651 1115 noxae,
687 1046 751 1100 id
786 1048 873 1100 est
909 1045 1109 1115 culpae
1146 1061 1281 1104 suae
1319 1044 1639 1102 conscium?
1669 1090 1682 1101 .
1705 1090 1716 1101 .
1741 1091 1751 1100 .
1781 1063 1897 1114 qua
1928 1063 2063 1102 uero
2090 1046 2190 1100 ille

82 1180 83 1185 ἵ
390 1116 573 1171 aticus
610 1116 866 1187 finitione
901 1134 1036 1171 usus
1072 1119 1175 1185 est,
1215 1133 1283 1171 ea
1310 1115 1536 1170 uidetur
1561 1116 1623 1170 in
1649 1118 1823 1172 uerbo
1852 1121 1974 1172 tam
1998 1117 2192 1173 multi-

164 1189 305 1261 plici
359 1206 535 1242 unam
586 1191 814 1243 tantum
865 1188 1032 1244 modo
1084 1186 1509 1257 usurpationem
1564 1187 1683 1242 eius
1736 1191 1989 1258 notasse,
2045 1205 2192 1259 quae

166 1260 401 1330 quidem
447 1259 707 1330 congruit
752 1277 877 1313 cum
922 1258 1244 1330 significatu
1260 1302 1274 1328 ‚
1331 1275 1442 1327 quo
1490 1258 1767 1314 Caecilius
1820 1278 1953 1316 usus
2000 1263 2087 1315 est
2131 1260 2194 1315 in

166 1330 408 1402 Crysio
445 1330 515 1384 in
549 1330 641 1385 his
676 1329 956 1386 uersibus:
994 1331 1359 1399 quamquam’
1400 1346 1447 1384 e.
1477 1348 1529 1398 q.
1560 1348 1603 1386 s.
1659 1330 1920 1401 (Orysio
1957 1331 2027 1384 in
2053 1332 2190 1401 Reg.

163 1440 297 1495 vat.
338 1404 484 1494 0¹sio
520 1437 591 1491 in
625 1437 805 1507 Rota)
875 1436 1097 1507 Coquus
1134 1436 1403 1505 loquitur.

314 1552 343 1600 1
382 1546 494 1599 hac
541 1544 614 1598 ad
661 1544 862 1598 duobus
899 1545 1050 1600 Rott.
1196 1549 1228 1596 2
1268 1542 1570 1598 obnoxium
1618 1543 1690 1597 ob
1729 1559 1855 1597 eam
1890 1559 2007 1598 rem
2045 1544 2193 1600 Rott.

311 1624 344 1671 3
385 1615 528 1671 dicis
567 1618 690 1673 Vat.
737 1615 882 1668 dixis
923 1616 1118 1672 Carrio

962 1763 1362 1825 DARDANV
1364 1765 1404 1824 S

313 1882 619 1952 Δάρδανος
653 1880 950 1936 Menandri
966 1889 991 1936 ’Β

165 1995 283 2063 Nil
335 1992 490 2079 Spei
537 2015 655 2079 ego
705 1991 891 2056 credo
903 2042 921 2077 ,
967 1990 1176 2055 omnis
1220 2013 1324 2055 res
1367 1991 1602 2076 spissas
1647 1983 1819 2058 facit.
2234 2003 2301 2055 25

312 2113 536 2170 Nonius
552 2120 675 2181 392,
691 2119 758 2168 15
783 2114 801 2140 ‘
815 2111 1108 2181 spissum
1127 2112 1411 2182 significat
1427 2113 1627 2168 tarde)
1660 2115 1844 2184 (tard
1856 2131 1980 2168 ano
1999 2113 2197 2185 ΒΘΗ)

312 2222 401 2276 nil
431 2220 563 2291 Spei
599 2237 704 2291 ego
741 2221 940 2289 scripsi
978 2220 1178 2287 (eodem
1213 2221 1494 2275 verborum
1530 2221 1722 2275 ordinae
1748 2221 2005 2291 Lindsay
2040 2222 2197 2275 elasa.

167 2313 276 2351 rev.
316 2294 374 2347 X
411 2298 550 2347 1896
596 2310 657 2361 p.
700 2293 826 2360 425)
880 2289 1024 2344 nihil
1070 2306 1174 2360 ego
1222 2290 1344 2360 spei
1371 2291 1620 2346 <H²LW
1656 2292 1732 2362 (ei
1776 2299 1902 2347 ante
1947 2307 2051 2361 ego
2086 2293 2202 2359 fuit

170 2384 298 2422 cwm
345 2366 517 2419 inseri
559 2364 764 2432 vellem)
819 2360 965 2414 nihil
1008 2360 1092 2415 rei
1136 2377 1241 2431 ego
1287 2362 1509 2416 ΒΘΗ1
1560 2361 1645 2415 nil
1700 2364 1804 2433 ego
1851 2362 1970 2431 spei
2016 2362 2199 2433 cred0,

172 2453 351 2505 quom
378 2452 539 2505 prop.
578 2435 806 2504 quidam
911 2431 1094 2501 spissa
1130 2433 1252 2486 BP

1059 2580 1326 2642 DAVOS

177 2697 274 2762 Ea
321 2699 469 2761 {nim
513 2715 855 2778 conpressa
897 2693 1071 2777 parit
1114 2692 1267 2757 huic
1313 2714 1613 2780 puerum,
1657 2691 1785 2757 si'bi
1827 2692 2153 2778 probrum.

320 2817 526 2871 Fesbus
572 2833 627 2884 p.
659 2820 762 2868 229
789 2815 864 2869 Μ.
925 2813 1298 2883 ‘probrum,
1355 2817 1634 2884 stuprum,
1688 2812 1967 2883 flagitium
2020 2846 2087 2854 —
2133 2846 2204 2855 —

181 2887 465 2944 Caecilius
500 2886 563 2939 in
596 2885 815 2941 Dauos
854 2886 941 2939 ea’
974 2902 1020 2939 e.
1050 2903 1103 2954 q.
1134 2903 1176 2940 S.
1248 2884 1567 2940 Dardano
1606 2884 1923 2954 suspicatur
1960 2883 2204 2957 Spenge-

177 2960 288 3014 lius
325 2978 382 3029 p.
415 2965 476 3029 5,
516 2957 615 3011 sed
653 2957 721 3012 cf.
759 2956 1101 3011 Bitschelius
1137 2957 1362 3027 Parerg.
1390 2957 1419 3011 Ι
1446 2963 1563 3030 143.

952 3107 1440 3168 DEMANDATI

180 3218 254 3286 Si
298 3225 611 3304 umquam
655 3218 995 3302 quisquam
1030 3217 1201 3283 uidit
1236 3241 1428 3303 quem
1465 3218 1791 3302 catapulta
1827 3221 1940 3282 aut
1973 3216 2208 3282 balista

1460 3323 1649 3390 fcerit

320 3438 545 3494 Nonius
577 3443 708 3505 124,
739 3443 769 3491 6
810 3437 969 3493 ‘icib
1004 3435 1286 3507 significat
1322 3436 1591 3507 percutit,
1630 3437 1701 3491 ab
1736 3435 1858 3491 ictu
1887 3480 1899 3492 .
1924 3480 1934 3492 .
1958 3437 1993 3492 .’

324 3555 501 3608 quam
540 3534 697 3590 ΓΗ1
