2610 4007
939 228 1345 284 PRAEFATIO
2045 230 2149 284 VII

144 417 323 474 pauca
376 398 596 457 habeo:
661 398 922 474 primum
983 397 1200 456 calami
1261 398 1360 456 vel
1422 415 1634 473 operae
1695 397 1957 475 lapsum,
2022 417 2142 475 quo

141 487 246 545 vol.
281 487 312 544 Ι
355 508 413 563 p.
442 487 564 545 VH
618 474 762 545 anni
811 502 1094 545 numerus
1138 486 1328 544 falsus
1379 487 1548 545 1878
1595 485 1846 563 legitur,
1902 487 2007 563 qui
2053 489 2145 546 est

142 576 327 653 18883
390 578 529 634 tum
589 575 653 633 in
717 574 884 634 Accii
947 595 1001 635 v.
1042 577 1123 634 37
1182 573 1519 633 seruitiis
1583 568 1730 653 (non
1796 568 2141 655 seruitas)

136 663 304 722 habet
347 665 426 741 L,
476 685 533 724 v.
567 667 687 722 121
740 664 839 722 sit
893 663 1084 740 quod
1125 655 1211 721 Η1
1258 656 1406 742 (11011
1449 653 1591 743 H²)‚
1645 665 1770 722 263
1819 663 1932 721 uti
1977 667 2141 722 extat

134 751 191 809 in
222 752 361 830 cod.‚
400 756 475 811 ut
512 753 573 811 in
610 752 918 828 proecdosi
954 754 1319 811 notaveram.
1378 751 1632 826 denique
1661 751 1897 827 Turpili
1934 752 2140 810 fabula

131 840 504 916 Epicleros
548 840 921 900 inscribenda
966 843 1112 918 erat,
1158 860 1276 900 non
1321 839 1649 916 EpicleruS.

252 929 335 987 At
378 929 590 988 auxit
635 929 1080 1007 tragicorum
1116 928 1402 1005 reliquias
1439 928 1700 1006 eleganti
1737 947 1913 988 sensu
1949 948 2139 1005 nuper

130 1017 188 1075 L.
208 1017 430 1077 HAvm*
470 1009 705 1098 (Revue
733 1017 803 1077 de
836 1016 1041 1093 philol.
1075 1020 1240 1077 1897
1272 1017 1414 1075 XXI
1449 1037 1507 1093 p.
1531 1008 1702 1097 159).
1766 1036 1907 1076 nam
1935 1016 2137 1077 Cicero

129 1105 193 1163 de
227 1106 471 1183 harusp.
503 1125 655 1182 resp.
688 1109 768 1166 39
810 1105 1003 1166 Clodii
1039 1106 1349 1184 exagitans
1384 1105 1618 1184 flagitia
1650 1125 1786 1165 cum
1820 1106 1966 1165 haec
2001 1126 2137 1182 pro·

130 1194 351 1254 tulerit:
372 1191 435 1254 ‘a
460 1195 553 1254 dis
577 1195 818 1270 quidem
841 1194 1279 1254 immortalibus
1305 1213 1458 1270 quae
1480 1196 1680 1270 potest
1702 1194 1929 1254 homini
1945 1195 2137 1254 maior

129 1300 242 1341 esse
285 1303 486 1359 poena
531 1284 735 1342 furore
777 1285 957 1360 atque
997 1281 1335 1342 dementia?
1380 1282 1496 1342 nisi
1541 1283 1694 1342 forte
1740 1283 1803 1341 in
1847 1284 2137 1361 tragoe-

131 1369 259 1429 diis
305 1392 460 1449 quos
508 1373 754 1431 vulnere
801 1390 869 1430 ac
907 1372 1109 1431 dolore
1157 1371 1418 1447 corporis
1462 1370 1714 1430 cruciari
1760 1374 1821 1430 et
1868 1372 2136 1431 consumi

129 1460 303 1538 vide5‚
368 1460 684 1539 graviores
737 1459 982 1520 deorum
1035 1460 1468 1519 immortalium
1519 1459 1639 1518 iras
1697 1459 1894 1518 subire
1951 1478 2134 1535 quam

128 1546 278 1626 illos,
324 1550 437 1625 qui
485 1549 751 1608 furentes
796 1548 1185 1626 inducuntur,
1242 1550 1441 1624 putas.
1522 1567 1640 1607 non
1686 1549 1828 1605 sunt
1871 1547 1964 1604 illi
2009 1547 2132 1606 eiu-

127 1635 273 1695 latus
321 1641 385 1697 et
433 1637 699 1715 gemitus
734 1637 1105 1697 Philoctetae
1150 1639 1277 1696 tam
1322 1636 1540 1713 miseri,
1588 1654 1954 1712 quamquam
1992 1638 2133 1694 sunt

126 1726 340 1803 acerbi,
405 1744 591 1801 quam
636 1726 744 1784 illa
789 1726 1078 1785 exultatio
1123 1724 1509 1784 Athamantis
1555 1727 1616 1783 et
1671 1743 1852 1801 quam
1903 1724 2135 1783 senium

125 1814 590 1874 matricidamm.
653 1817 742 1892 tu,
780 1833 918 1874 cum
953 1814 1199 1873 furiales
1235 1814 1296 1872 in
1336 1812 1710 1873 contionibus
1737 1831 1909 1873 voces
1942 1812 2132 1872 mittis

129 1946 342 1961 .....
402 1904 536 1961 tum
588 1903 920 1980 bacchariS,
975 1906 1108 1961 tum
1157 1902 1333 1980 furiS,
1389 1905 1519 1961 tum
1574 1902 1679 1960 das
1737 1920 1837 1961 eas
1891 1920 2129 1979 poenaS,

128 2011 268 2066 quae
307 1992 475 2053 solae
524 1993 668 2051 sunt
711 1990 1021 2052 hominum
1066 1991 1272 2051 sceleri
1310 1991 1473 2051 adis
1519 1990 1957 2051 immortalibus
1996 2010 2133 2051 con-

129 2079 385 2140 stitutae.
483 2100 623 2140 nam
678 2081 939 2156 corporis
995 2081 1236 2157 quidem
1288 2080 1478 2140 nostri
1536 2079 1849 2139 infirmitas
1908 2080 2130 2139 multos

130 2169 283 2227 subit
325 2188 504 2229 casus
550 2189 659 2246 per
703 2188 789 2247 se,
847 2169 1100 2245 denique
1156 2169 1355 2245 ipsum
1400 2187 1614 2245 corpus
1664 2168 2013 2227 tenuissima
2058 2168 2129 2226 de

131 2274 302 2317 causa
322 2277 503 2333 saepe
525 2258 849 2318 conficitur.
906 2257 1194 2317 deorum
1230 2257 1380 2316 tela
1415 2257 1487 2315 in
1526 2257 1906 2333 impiorum
1944 2275 2129 2315 men-

127 2344 317 2407 tibus
373 2347 405 2404 f
413 2346 435 2404 i
446 2341 759 2424 guntur’,
812 2347 957 2405 haec
1012 2346 1228 2404 ultima
1272 2345 1535 2405 numeris
1582 2345 1664 2404 sic
1710 2345 2128 2421 comprehensa

500 2462 764 2529 Deorum
808 2471 931 2529 tela
976 2470 1039 2528 in
1085 2465 1406 2545 impiorum
1454 2464 1749 2528 mentibus

500 2553 799 2636 Figuntur

129 2673 468 2751 tragoediae
497 2673 825 2733 vindicavit
850 2674 1137 2733 HavetuS.
1188 2692 1556 2750 quamquam
1581 2672 1935 2732 Athamanti
1961 2671 2128 2730 Accii

126 2777 225 2818 cur
274 2761 625 2820 tribuantur
668 2781 775 2821 nec
828 2762 892 2820 in
946 2762 1091 2838 ipsis
1135 2762 1331 2821 verbis
1377 2780 1559 2821 causa
1604 2763 1732 2820 ulla
1776 2763 1867 2820 est
1911 2779 2017 2819 nec
2062 2760 2124 2817 in

128 2852 472 2927 argumento
510 2849 748 2909 fabulae
786 2850 967 2928 illius,
1011 2870 1047 2909 a
1084 2870 1201 2927 quo
1239 2850 1505 2909 insaniae
1542 2851 1910 2910 momentum
1944 2849 2118 2924 plane

128 2936 383 2996 alienum
427 2938 612 2997 fuisse
658 2938 910 2998 videtur.

249 3026 392 3101 Ipsa
429 3045 641 3085 scaena
676 3028 909 3104 tragica
944 3028 1427 3103 repraesentatur
1462 3026 1525 3083 in
1562 3027 1902 3105 anaglypho
1931 3025 2124 3084 Arau-

125 3114 276 3172 sensi
331 3106 607 3195 (Gazette
664 3109 913 3175 archeol.
964 3115 1113 3175 xm
1173 3102 1234 3191 pt
1277 3118 1357 3174 66
1416 3115 1534 3173 tab.
1576 3107 1747 3195 xm:
1812 3115 2123 3174 altercatio

125 3200 401 3261 nimirum
460 3203 618 3262 inter
670 3204 984 3263 Herculem
1049 3207 1110 3263 et
1161 3204 1439 3281 Martem,
1506 3222 1760 3280 quorum
1822 3203 1961 3262 huic
2024 3202 2124 3261 ad-

129 3290 380 3367 scriptus
425 3297 521 3350 est
565 3292 831 3352 senarius

517 3399 740 3465 Adesse
784 3407 1041 3465 ultorem
1084 3401 1209 3465 nati
1252 3425 1347 3464 me
1393 3399 1591 3464 credas
1638 3406 1754 3464 mei

125 3490 203 3551 illi
246 3495 505 3554 mutilus

583 3629 594 3639 .
644 3629 656 3642 .
701 3582 892 3641 virtus
938 3577 1233 3659 nusquam
1277 3579 1489 3642 terreri
1532 3584 1733 3658 potest
