2610 4007
828 162 1129 228 AQVILIV
1130 163 1182 218 S.
1256 163 1566 227 LICINIVS
2117 165 2204 230 39

209 337 329 375 mus.
397 321 758 376 Parasitus
802 321 902 376 ibi
948 322 1256 377 esuriens
1294 323 1437 378 haec
1474 322 1639 378 dicit:
1685 326 1750 377 ut
1784 324 1948 379 illum
1985 325 2044 379 di
2079 342 2205 395 per—

211 391 348 445 dant’
388 408 431 448 e.
469 410 521 460 q.
563 411 606 447 s.
681 392 760 448 cf.
806 393 1132 447 Ammianus
1178 394 1541 448 Marcellinus
1567 395 1749 449 XXIII
1776 402 1836 464 6,
1867 402 1934 449 77
1985 397 2206 451 ‘uenter

208 463 505 531 unicuique’
529 464 863 534 (Persarum)
894 465 1075 518 ‘uelut
1103 464 1371 519 solarium
1399 469 1500 535 est,
1531 482 1708 534 eoque
1735 470 1997 521 monente
2025 469 2198 537 quod’

205 536 427 659 gqfuom‘&
467 534 755 590 ‘inciderit
790 535 995 590 editur’
1034 537 1162 589 XIX
1191 542 1241 604 8,
1266 543 1297 591 8
1341 536 1523 592 ‘asida
1560 536 1658 591 siti
1692 539 2003 607 reptantes'
2035 542 2106 608 (v.
2130 543 2199 610 9).
2309 556 2313 560 ·

307 601 562 660 Hertzius
600 610 831 662 rament.
873 606 1110 662 Gellian.
1132 606 1184 661 V
1210 626 1264 676 p.
1297 613 1364 661 18
1412 611 1470 662 et
1505 608 1691 662 Herm.
1723 614 1783 677 8,
1815 615 1933 663 286.
1998 609 2203 678 Dispu-
2320 677 2323 680 ⁴

202 674 331 730 tavit
373 676 441 730 de
489 677 750 732 Gelliano
797 677 981 747 capite
1025 678 1368 733 Bitschelius
1413 680 1636 750 Parerg.
1665 680 1788 733 1⁷83
1805 698 1925 749 sqq.
1956 686 2059 734 123
2081 698 2199 749 sqq.

205 752 306 800 208.
373 747 457 801 De
505 749 836 803 solariorum
881 748 1165 804 mentione
1201 749 1332 804 vide
1368 768 1518 804 nunc
1554 767 1700 819 quae
1738 753 2096 821 Ostermayer
2131 752 2201 805 de

201 816 314 872 hist.
349 818 460 873 fab.
500 818 563 872 in
601 837 738 875 com.
776 820 859 875 Pl.
897 838 950 889 p.
981 827 1048 875 57
1088 823 1146 875 et
1181 820 1293 875 Leo
1330 821 1413 875 Pl.
1451 822 1510 877 F.
1544 827 1645 877 138
1683 825 2032 877 monuerunt.

323 929 356 976 4
389 940 568 979 unum
586 927 864 995 HertziuS,
901 945 1002 982 om.
1025 949 1068 983 ω
1108 927 1243 982 011111
1261 928 1593 983 Bit-schelius
1690 946 1824 983 nam
1850 946 1939 983 me
1966 929 2199 998 puerulo

199 993 459 1052 Bentleius
494 997 709 1066 (puer
746 999 1028 1068 Hertzius)
1137 1001 1296 1053 ueter
1329 1011 1377 1068 ψ
1416 1001 1508 1069 (cf.
1537 1017 1643 1055 cor.
1673 999 1796 1069 XX)
1941 1007 1972 1055 6
2008 1001 2199 1055 ubiuis

195 1068 371 1134 scripsi
411 1067 513 1122 ubi
551 1067 662 1122 iste
698 1089 741 1122 ω
784 1068 973 1122 ubiuis
1013 1071 1097 1124 ste
1134 1071 1422 1139 Hertzius,
1461 1072 1617 1140 prob.
1658 1071 2061 1141 F'leckeisenw,
2107 1074 2201 1128 sed

195 1137 255 1202 cf.
287 1137 511 1194 Skutsch
538 1157 602 1208 p.
634 1145 735 1194 146
781 1139 883 1194 ubi
918 1140 1018 1194 ubi
1053 1158 1177 1196 cum
1211 1143 1329 1196 edd.
1368 1148 1488 1197 vett.
1526 1143 1856 1198 Bitschelius
1890 1142 2038 1197 iuste
2074 1145 2200 1199 Rue

196 1223 351 1275 usque
393 1209 442 1263 is
488 1210 750 1266 Goetzius
803 1210 903 1265 ubi
947 1211 995 1265 is
1041 1229 1155 1265 non
1198 1214 1529 1268 coniecerant
1660 1214 1887 1285 Inteyra
1930 1217 2198 1270 sententia

195 1281 431 1347 excidisse
481 1283 705 1337 videtwr
760 1282 1220 1339 GFWMuellero
1257 1285 1292 1338 l.
1322 1285 1356 1338 l.
1387 1288 1493 1337 364
1655 1290 1685 1339 7
1738 1301 1909 1352 quom
1961 1286 2198 1342 Bothius

195 1350 327 1416 quod
360 1363 406 1421 ψ
453 1352 598 1420 quid
636 1353 783 1409 Rott.
897 1357 1051 1408 estur
1085 1356 1202 1409 edd.
1239 1361 1362 1410 vett.
1411 1357 1498 1409 est
1532 1376 1575 1409 ω
1728 1360 1760 1408 8
1800 1355 2068 1425 oppidum
2112 1360 2199 1411 est

196 1420 532 1479 Hemanmus
578 1426 669 1477 est
712 1423 979 1493 oppidum
1015 1445 1058 1478 ω
1239 1430 1271 1478 9
1308 1425 1468 1494 popli
1502 1443 1632 1494 pars
1669 1427 1906 1482 Bothius
2081 1427 2199 1482 iam
2298 1476 2303 1481 .

196 1490 432 1548 Her-taius
468 1497 620 1564 olim,
658 1511 757 1550 om.
796 1516 839 1549 ω
967 1495 1128 1550 arida
1162 1498 1240 1552 ad
1273 1497 1562 1553 Ammiani
1596 1499 1898 1566 exemplum
1934 1499 2199 1555 Hertzius

283 1566 344 1617 ut
378 1581 426 1619 a.
464 1567 698 1636 reptent
731 1566 1064 1622 Ritschelius

1156 1699 1220 1757 H

193 1791 305 1860 Vbi
344 1795 632 1882 primum
679 1821 979 1865 accensus
1027 1801 1334 1867 clamarat
1377 1800 1711 1867 meridiem

312 1918 488 1975 Varro
528 1921 603 1975 de
639 1921 677 1975 l.
706 1921 928 1977 1.v189
947 1922 1022 1976 M.
1066 1922 1455 1976 ‘accensum
1503 1922 1732 1978 solitum
1777 1922 1922 1978 ciere
1959 1923 2197 1978 Boeotia

193 1989 439 2062 ostendit,
497 2010 674 2062 quam
728 1992 1077 2048 comoediam
1119 1993 1338 2062 Aquilii
1393 2010 1513 2049 esse
1569 1993 1788 2064 dicunt,
1848 1995 1956 2049 hoc
2002 2012 2195 2051 uersu:

192 2058 376 2203 ἓξὲξ
405 2081 457 2188 q.
473 2082 539 2190 ls1
565 2064 917 2204 Sq()Aquilii
963 2064 1252 2119 Turnebus
1318 2065 1446 2120 alii
1492 2065 1639 2121 libri.
1724 2065 1803 2121 Cf.
1852 2066 2196 2121 Ritschelius

191 2322 238 2359 m
269 2239 561 2367 b‹zilgmant
594 2242 806 2309 Guelfi¹
835 2240 1094 2296 clamarit
1119 2241 1331 2298 Laetus
1359 2241 1630 2297 clamauit
1653 2243 1933 2300 Osanna-st
1970 2261 2049 2299 an
2077 2242 2194 2299 cla·

240 2324 270 2361 a
307 2326 338 2363 a

657 2535 1206 2648 LICINIVS,
1245 2537 1715 2622 IMBREX

1019 2727 1354 2788 NEAERA

312 2841 387 2897 cf.
424 2840 657 2913 Νέαιρα
693 2842 959 2898 Τ111100118
997 2846 1054 2899 et
1090 2843 1451 2900 Philemonis,
1508 2845 1615 2900 Vel
1650 2843 1812 2898 miles
1848 2844 1940 2899 vel
1977 2844 2194 2914 parasi-

187 2908 267 2963 tus
301 2917 617 2970 assentator
655 2917 878 2969 amatae
915 2914 1034 2969 eius
1073 2914 1258 2969 dicere
1294 2914 1533 2970 videtur.

188 3014 338 3086 Nolo
382 3025 505 3111 ego
551 3022 868 3090 Neaeram
914 3026 981 3089 te
1024 3028 1284 3109 uocent,
1330 3025 1441 3089 sed
1483 3024 1856 3112 Nerienem,

191 3121 333 3192 Cum
375 3128 639 3215 quidem
684 3129 966 3196 Mauorti
1013 3153 1080 3196 08
1124 3130 1195 3195 1‘11
1240 3132 1587 3196 conubium
1635 3132 1797 3197 data.
1838 3202 1842 3208 ,

312 3248 523 3305 Gellius
552 3252 682 3305 XIII
709 3257 777 3306 23
804 3254 933 3322 (22),
955 3258 1021 3306 16
1064 3253 1310 3323 ‘praeter
1344 3252 1611 3307 Plautum
1645 3252 1819 3308 etiam
1855 3258 2190 3326 praeterque

191 3313 410 3375 Gellium
433 3322 687 3376 Licinius
713 3322 948 3392 Imbrex,
978 3326 1141 3378 uetus
1170 3323 1585 3377 comoediarum
1612 3324 1865 3393 scriptor,
1901 3325 1961 3380 in
1990 3326 2190 3383 fabula

190 3402 314 3453 quae
346 3391 569 3448 Neaera
605 3393 815 3463 scripta
851 3396 939 3448 est
973 3394 1057 3448 ita
1095 3394 1343 3463 scripsit:
1380 3394 1534 3449 nolo’
1576 3411 1621 3449 e.
1653 3413 1705 3463 q.
1737 3413 1778 3449 8.
1850 3397 1961 3451 ‘Ita
1998 3403 2188 3453 autem

190 3472 240 3510 se
270 3478 521 3519 numerus
560 3463 792 3519 huiusce
827 3481 1023 3519 uersus
1058 3465 1257 3534 habet,
1304 3468 1370 3519 ut
1404 3465 1576 3519 tertia
1611 3465 1673 3519 in
1710 3482 1775 3520 eo
1812 3469 2038 3524 nomine
2075 3470 2188 3553 syl-

191 3525 330 3596 laba,
354 3539 549 3590 contra
606 3552 776 3604 quam
830 3553 999 3605 supra
1053 3537 1265 3591 dictum
1322 3539 1409 3591 est
1463 3536 1814 3605 corripienda
1869 3539 1969 3611 sit,
2027 3557 2187 3596 cu1us

2236 1818 2306 1866 10
