2610 4007
707 165 768 218 L.
806 164 1230 220 POMPONIVS
1266 164 1753 220 BONONIENSIS
2108 167 2234 231 271

358 323 693 379 Lactantius
738 324 798 377 in
843 324 1014 379 Statii
1057 324 1232 378 Theb.
1275 325 1327 378 X
1372 328 1473 378 841
1536 325 1781 394 ‘gemina
1834 326 1983 380 latus
2040 328 2237 381 arbore

222 395 408 449 clusus
455 394 685 449 Aeriam
731 394 841 449 sibi
893 398 1086 464 portat
1130 395 1261 476 iter]
1318 396 1670 451 admirabilis
1725 396 2063 466 periphrasis
2116 415 2238 452 sca-

214 466 412 520 larum.
497 464 907 535 Pomponius
955 482 1090 521 sane
1135 485 1195 520 ιιι
1242 484 1575 548 armorum
1630 467 1918 524 iudicio.
1964 471 2088 527 tum

215 538 462 591 uocant.’
531 537 844 591 Abhorrere
883 538 1158 607 spondeos
1198 554 1232 591 a
1267 537 1436 607 primi
1471 557 1525 607 p.
1556 538 1679 593 Chr.
1715 538 1925 593 saeculi
1964 543 2084 594 arte
2120 540 2236 594 iam

214 609 276 662 A.
306 607 555 689 Langius
603 610 818 675 quaest.
860 611 1018 664 metr.
1066 614 1220 678 p.30
1266 611 1562 663 monuerat
1605 625 1709 663 nec
1753 609 1873 679 ipse
1918 613 2233 667 tacueram.

211 678 460 734 Pacuvio
506 678 668 732 reddi
713 679 897 733 voluit
940 680 1142 734 Bernh.
1182 679 1438 761 Schmidt
1482 697 1621 735 muS.
1655 681 1832 736 Rhen.
1865 687 1948 751 16,
1978 687 2081 735 689
2112 700 2231 750 sqq.

207 750 335 819 Ipse
384 749 521 805 olim
566 749 714 804 inter
757 751 1051 805 Atellanas
1097 750 1347 821 reposui,
1398 767 1616 805 meeum
1661 751 1802 806 facit
1845 752 1910 807 A.
1934 725 2234 807 Dieterich

210 820 527 875 Puloinella
560 840 615 890 p.
641 827 758 876 102.

356 933 389 980 2
428 927 687 981 uocitant
721 929 793 982 Β
821 927 1065 983 Schmidt
1107 929 1317 982 uocant
1360 929 1544 997 schol„
1591 930 1737 998 quod
1774 929 1826 983 si
1862 931 1983 998 quis
2017 946 2232 985 servare

206 1000 355 1067 velit,
419 1000 691 1054 trochaico
742 1015 968 1054 mmnero
1014 1001 1256 1068 priorem
1308 1001 1633 1054 versiculum
1687 1001 2073 1055 dimetiendum
2126 1018 2233 1056 esse

209 1075 387 1124 monet
423 1069 780 1139 Schmidtius,
827 1077 954 1125 write
990 1086 1146 1140 quem
1179 1071 1558 1141 yrammaticO,
1603 1087 1718 1125 mm
1746 1078 1939 1140 poetae
1976 1073 2106 1126 haec
2141 1089 2229 1126 εω-

200 1141 435 1264 Ρῑίοαῗο
470 1142 827 1196 tribuebatwr.
901 1141 990 1195 De
1031 1140 1186 1195 scala
1230 1157 1456 1196 nwmero
1498 1143 1776 1212 sinqulari
1817 1144 1887 1209 cf.
1932 1143 2231 1213 Quintilia-

212 1228 317 1266 nus
417 1216 567 1280 6,16

587 1361 958 1421 ARVSPE'X
1000 1361 1100 1420 vel
1143 1359 1411 1420 PEXOR
1456 1360 1841 1421 RVSTIOVS

1373 1479 1607 1564 bucco,
1660 1481 1909 1565 puriter

206 1586 333 1652 Fae
380 1591 456 1651 ut
500 1608 637 1651 rem
683 1589 934 1650 tractes,
979 1623 1068 1632 -
1111 1585 1273 1650 Laui
1321 1585 1670 1649 iandudtim
1714 1608 1960 1651 manus.

348 1707 571 1762 Nonius
617 1712 746 1776 616,
797 1713 862 1760 18
922 1705 1233 1776 ‘puriten
1326 1706 1665 1775 Pomponius
1720 1705 2053 1775 Aruspice
2117 1707 2228 1761 uel

205 1779 492 1834 Pectore
538 1776 826 1832 rustico:
872 1777 1072 1832 bucco’
1105 1793 1152 1833 e.
1181 1794 1232 1844 q.
1265 1795 1305 1831 s.
1346 1778 1620 1848 (Pexore
1659 1777 1880 1847 scripsi,
1917 1777 2069 1831 idem
2106 1795 2226 1832 esse

204 1851 491 1905 Pectore
530 1848 705 1903 sentit
734 1849 852 1902 Bue
890 1849 1032 1903 conl.
1062 1865 1200 1902 mus.
1230 1848 1407 1902 Rhen.
1437 1854 1523 1918 45,
1548 1854 1649 1902 159
1686 1849 1933 1903 Pecore
1965 1849 2225 1903 Hertzius

206 1938 331 1976 ann.
361 1919 581 1990 philoll.
611 1925 747 1974 1873
783 1937 836 1988 p.
863 1926 966 1974 339
1004 1920 1347 1974 Praecone
1375 1919 1611 1973 Bothius
1649 1919 1958 1974 Petitore
1985 1920 2224 1974 Rothius

201 1992 494 2047 Rectore
537 1990 948 2060 Quicheratius)
1005 1990 1265 2046 Ceterum
1301 1990 1371 2045 ef.
1411 1990 1599 2046 coroll.
1637 1990 1877 2075 LXXIX.

345 2107 375 2153 1
415 2098 616 2152 furiter
658 2100 753 2153 Ba
771 2098 861 2152 Η1
879 2097 960 2151 12¹
979 2098 1035 2151 P
1244 2104 1276 2152 2
1322 2100 1388 2151 ut
1430 2113 1549 2151 rem
1592 2099 1792 2167 scripsi
1834 2097 1920 2151 uti
1965 2119 2008 2152 ω
2055 2101 2120 2152 ut
2165 2101 2221 2153 te

201 2172 441 2226 Bothius
485 2173 550 2224 ut
586 2168 698 2223 ista
732 2186 774 2223 x
913 2168 1111 2223 tractis
1149 2169 1228 2223 W
1361 2169 1570 2238 Bucco,
1617 2168 1833 2238 puriter
1878 2169 1968 2223 fae
2012 2170 2226 2223 tractes

201 2244 493 2298 continuat
527 2242 799 2311 Bequius
938 2239 1058 2294 laui
1094 2239 1210 2293 iam
1249 2238 1461 2292 dudum
1494 2252 1541 2309 ψ
1578 2239 1790 2293 lauuan
1827 2239 2038 2293 dunum
2074 2241 2168 2294 Ba

1089 2424 1337 2483 ASINA

1198 2550 1230 2608 I

190 2639 415 2737 'Atque
462 2651 821 2715 auscultare
867 2650 1063 2736 disce,
1109 2651 1165 2714 si
1208 2649 1417 2714 nescis
1461 2649 1659 2734 loqui.

337 2771 556 2826 Nonius
612 2770 1374 2842 246‚16‘‚auscultare
1431 2769 1625 2824 audire
1875 2768 2223 2838 Pomponius

196 2843 397 2899 Asina.
439 2844 630 2911 atque’
663 2859 709 2898 e.
740 2861 791 2911 q.
823 2862 865 2897 s.
903 2841 1246 2911 (Asinaria
1281 2840 1652 2911 Passeratius)

1176 2992 1238 3049 Π

195 3094 419 3159 Exssui
469 3095 544 3160 de
588 3099 777 3160 noete
823 3094 903 3158 ad
946 3092 1184 3158 molam
1230 3091 1495 3156 fullonis
1540 3091 1894 3157 festinatim

337 3214 556 3270 Nonius
594 3221 714 3284 614,
753 3221 785 3269 3
837 3212 1258 3269 ‘festinatim
1301 3230 1403 3282 pro
1451 3212 1798 3268 festinanter
1871 3214 2214 3284 Pomponius

198 3286 545 3342 Asinaria·
610 3285 812 3340 exilui’
863 3302 909 3341 e
957 3303 1009 3353 q.
1059 3303 1100 3339 s.
1200 3283 1283 3337 De
1346 3282 1517 3337 titulo
1582 3284 1808 3339 dubitat
1870 3284 2216 3339 Ritschelius

200 3357 419 3428 Parerg.
456 3358 498 3410 Ι
523 3363 639 3412 142.

340 3463 511 3517 exilui
546 3464 720 3519 BaH
758 3462 959 3517 exsilui
1003 3483 1046 3531 φ
1227 3461 1301 3514 ad
1346 3463 1569 3515 noctem
1614 3461 1799 3516 Palat.
1980 3460 2220 3515 fullonis

200 3536 651 3608 Lawremberyius
687 3535 896 3589 fullone
935 3555 978 3588 ω
1014 3531 1234 3586 fulloni'
1270 3550 1312 3587 x
1453 3531 1804 3585 festinantim
1841 3533 1897 3586 P

2266 1499 2340 1546 102
