2610 4007
385 169 516 234 332
1001 168 1350 222 MVMMIVS
1423 167 1792 222 APRISSIVS

383 331 450 383 In
502 329 797 383 Asinariae
852 327 1152 382 Plautinae
1204 346 1418 398 argum.
1464 346 1516 381 v.
1557 335 1588 382 6
1649 326 1896 380 ‘riuinus
1951 327 2175 381 amens'
2233 342 2421 380 serva-

385 404 588 542 {el-1¹3?
632 400 783 526 liggri.
867 399 1103 454 Iunius
1160 399 1395 453 titulum
1448 402 1606 453 tenet
1654 399 1720 452 A.
1758 398 2044 452 Dieterich
2099 396 2424 452 Pulcinella

532 577 642 630 uiri
679 577 844 631 unius
877 581 886 646 Ι
919 577 992 630 ad
1021 595 1181 646 prop.
1212 578 1338 631 Rue

1370 763 1432 820 Π

1455 864 1660 928 ndstri
1706 864 1981 928 maiores
2025 864 2208 928 uelut

392 973 565 1037 Bene
611 972 817 1036 multa
861 972 1223 1056 instituere,
1271 970 1513 1054 6ptime
1558 970 1682 1035 hoc
1728 994 1743 1035 ε
1790 993 1828 1034 a
1871 970 2113 1056 fn'gore

323 1095 354 1143 5
392 1077 624 1143 Fecere
671 1099 921 1142 summo
969 1080 1213 1162 septem
1262 1075 1644 1141 Saturnalia.

533 1199 853 1254 Macrobius
892 1199 1008 1252 Sat.
1043 1198 1068 1251 Ι
1108 1204 1190 1266 10,
1222 1204 1252 1251 3
1305 1198 1637 1252 ‘Mummius
1683 1214 1931 1267 quoque,
1980 1198 2078 1265 qui
2123 1201 2256 1267 post
2300 1199 2422 1253 No-

393 1270 551 1324 uium
606 1274 665 1324 et
708 1269 1079 1339 Pomponium
1133 1269 1228 1322 diu
1284 1269 1564 1324 iacentem
1619 1273 1795 1323 artem
1842 1269 2188 1324 Atellaniam
2246 1271 2424 1323 susci-

392 1342 567 1397 tauit:
613 1342 816 1410 nostri,
865 1340 1075 1409 inquit,
1123 1340 1383 1395 maiores’
1426 1357 1471 1395 e.
1502 1359 1554 1409 q.
1587 1359 1628 1394 s.
1678 1340 1985 1407 (mimius
2023 1341 2147 1395 Par.
2177 1341 2420 1410 Eyssen-

393 1414 598 1467 hardto
636 1416 797 1468 teste.
876 1414 957 1466 ‘et
992 1412 1384 1481 Pomponium’
1427 1428 1533 1466 om.
1563 1412 1781 1482 Bamb.)

541 1527 572 1574 2
610 1521 717 1575 hoc
755 1519 965 1589 optime
1003 1540 1063 1588 ω,
1102 1522 1419 1588 transposui
1553 1525 1584 1572 3
1622 1519 1806 1572 facere
1834 1520 2028 1574 Bamb.
2053 1520 2185 1575 Par.
2206 1522 2242 1588 f
2253 1521 2422 1575 Borb.

399 1592 544 1647 (ἔνιά.
574 1611 642 1647 m.
665 1611 753 1662 pr.
901 1607 1115 1644 summo
1153 1590 1272 1643 dies
1313 1594 1527 1659 septem
1564 1611 1623 1658 ω,
1662 1593 1793 1645 eieci
1825 1593 2085 1661 ylossema

1361 1794 1453 1851 ΠΙ

399 1947 837 1959 .....
928 1895 1126 1959 istaec
1173 1918 1316 1959 sum
1362 1895 1568 1959 mult6
1616 1895 1746 1959 sale

399 2000 696 2067 salsurus

550 2122 870 2177 Priscianus
924 2142 977 2193 p.
1019 2128 1121 2176 910
1167 2124 1228 2178 Ρ.
1290 2122 1610 2176 ‘salliturus
1668 2126 1726 2177 et
1786 2124 2109 2179 salsurus,
2205 2125 2434 2179 Nouius

454 2239 464 2249 .
507 2239 517 2249 .
571 2194 899 2250 Mummius:
952 2194 1158 2248 istaec’
1207 2212 1252 2249 e.
1292 2212 1344 2262 q.
1386 2212 1426 2248 s.

975 2521 1849 2633 APRISSIVSQ)

400 2711 472 2777 Io
523 2712 750 2777 bucco!
798 2749 883 2758 —
932 2711 1088 2789 Quis
1138 2735 1240 2777 me
1292 2712 1569 2776 iubilat?
1617 2751 1700 2758 —
1746 2710 2017 2777 Vicinus
2063 2716 2214 2778 tuus
2261 2715 2432 2779 anti-

1890 2842 2070 2904 quus.

543 2942 722 2996 Varro
770 2941 839 2994 de
885 2940 921 2995 1.
965 2940 1000 2994 1.
1049 2941 1126 2994 Vl
1177 2947 1242 2995 68
1290 2941 1364 2996 M.
1437 2942 1531 2995 ‘ut
1586 2940 1855 3008 quiritare
1910 2942 2276 3011 urbanorum,
2348 2942 2434 2997 sic

401 3012 704 3067 iubilare
768 3011 1127 3079 rusticorum3
1198 3012 1392 3080 itaque
1451 3012 1554 3066 hos
1608 3011 1838 3065 imitans
1893 3012 2248 3081 Aprissius
2317 3013 2432 3069 ait:

401 3084 458 3138 io
505 3084 739 3138 buccol’
795 3100 840 3139 e.
884 3102 935 3151 q.
982 3102 1022 3137 s.
1098 3083 1513 3152 (chrisippus
1560 3082 1803 3138 Vindob.
1867 3083 2100 3137 Attius
2155 3083 2430 3154 Scaliger.

403 3155 629 3211 Conieci
666 3154 1074 3223 Aprodisius
1112 3154 1468 3223 Aquisius‚
1507 3154 1877 3208 Buechelerus
1916 3155 2252 3223 Apussius
2298 3173 2430 3224 pro-

401 3227 613 3297 posuit)

549 3334 926 3403 Septenarium
953 3334 1247 3387 iambicum
1273 3334 1547 3387 dimensus
1573 3349 1710 3397 sum,
1735 3348 1840 3400 pro
1868 3333 2138 3387 trochaico
2165 3334 2366 3389 habuit
2391 3353 2434 3389 x

404 3406 461 3460 io
498 3408 869 3461 interiectione
905 3411 1061 3459 extra
1102 3422 1313 3459 versum
1344 3406 1540 3471 posita.
1616 3404 1752 3456 Alia
1785 3405 2070 3472 proposuit
2107 3403 2435 3474 Spenyelius

407 3476 568 3613 quui?
588 3478 945 3600 fflznghium
981 3482 1178 3545 aequat
1214 3477 1277 3528 in
1314 3475 1509 3528 Plauti
1545 3474 1740 3529 Pseud.
1774 3479 1802 3527 7
1808 3479 1874 3528 03
2018 3473 2241 3528 uicinus
2282 3476 2434 3530 anti-
