2610 4007
378 124 467 188 42
1033 120 1404 176 CAECILIVS
1442 120 1703 176 STATIV
1704 120 1741 175 S

377 283 597 409 fiellegss
652 299 724 338 ne
778 283 847 336 de
892 282 1259 352 Androgyno,
1316 281 1465 349 quod
1523 279 1852 349 compendio
1899 280 2168 349 scriptum
2209 280 2409 351 fuerit,

417 372 578 409 roam.

381 454 695 521 Conducit
738 476 969 519 nauem
1013 453 1399 538 putridam.

516 567 733 622 Nonius
763 573 892 635 152,
923 573 990 622 17
1040 565 1412 636 ‘putidum‚
1464 568 1670 635 putre.
1728 565 2049 621 ‚Caecilius
2093 567 2405 624 Andrea:

378 655 423 694 c.
452 657 505 695 n.
533 640 612 709 p.’

515 736 775 806 putidam
813 737 1000 793 Vrbin.
1031 741 1153 804 307,
1190 737 1311 790 edd.
1358 737 1428 803 cf.
1466 736 1861 791 Lachmannus
1900 738 1976 792 ad
2012 737 2177 792 Duc-r.
2209 742 2259 806 3,
2290 742 2400 792 871

1112 883 1659 945 ANDROGYNOS

507 990 865 1064 Ἀνδρόγυνος
901 993 1231 1049 Menandri?

1374 1100 1405 1157 I

366 1174 802 1287 ⁸Sepulchrum
845 1202 1108 1286 plenum
1153 1202 1539 1286 taeniarum,
1585 1200 1678 1266 ita
1722 1205 1798 1265 tit
1841 1201 2022 1266 solet.

515 1316 715 1370 Festus
742 1333 797 1384 p.
820 1320 924 1368 360
943 1314 1016 1368 M.
1060 1313 1365 1368 ‘taenias
1404 1313 1676 1368 Graecam
1711 1330 1908 1368 uocem
1945 1313 2026 1367 sic
2061 1313 2404 1384 interpreta-

374 1389 468 1440 tur
502 1385 756 1454 Verrius,
804 1388 869 1439 ut
916 1385 1071 1440 dicat
1116 1387 1506 1439 ornamentum
1551 1400 1672 1438 esse
1717 1385 1945 1440 laneum
1981 1384 2183 1454 capitis
2220 1386 2404 1441 hono-

373 1457 502 1527 rati,
537 1459 604 1511 ut
639 1456 715 1512 sit
752 1457 903 1526 apud
941 1455 1246 1511 Caecilium
1279 1455 1343 1509 in
1378 1455 1748 1525 Androgyno:
1787 1455 2162 1526 sepulchrum’
2202 1473 2251 1513 e.
2270 1474 2328 1525 q.
2355 1477 2402 1513 s.

376 1528 719 1599 (lucilium
753 1527 1019 1583 Vaticani
1054 1527 1181 1599 RS.)

512 1625 598 1681 uti
636 1626 781 1680 solet
814 1626 899 1682 vel
933 1628 998 1679 ut
1035 1625 1255 1680 adsolet
1284 1631 1534 1694 praestat
1567 1626 1799 1692 fortasse

1351 1757 1415 1815 H

375 1857 501 1924 Sed
544 1880 663 1945 ego
710 1859 1008 1924 stolidus:
1053 1858 1450 1945 gratulatum
1495 1859 1642 1924 med
1689 1859 2030 1957 oportebat
2072 1860 2272 1944 prius.

510 1970 709 2026 Festus
754 1990 810 2042 p.
840 1977 943 2027 317
971 1971 1046 2027 Μ.
1097 1970 1457 2043 ‘stolidus‚
1515 1971 1720 2027 stultus
1767 2005 1839 2013 —
1885 2006 1954 2014 —
2001 1971 2277 2028 Caecilius
2333 1973 2400 2029 in

371 2042 815 2113 Hypobolimaeo
856 2076 929 2084 —
974 2046 1032 2098 et
1075 2042 1136 2097 in
1180 2016 1604 2099 Andronico.
1661 2044 1781 2098 sed'
1834 2060 1879 2099 e.
1910 2061 1963 2112 q.
1994 2062 2035 2099 s,
2110 2044 2399 2115 (Andross

371 2132 546 2185 gyno
581 2114 951 2186 Augustinus)

511 2214 641 2268 med
668 2213 968 2284 oportebat
993 2214 1231 2270 Bothius
1262 2229 1389 2269 me.
1404 2215 1725 2281 o..porteat
1751 2215 1866 2269 cod.
1903 2212 2018 2267 tibi
2052 2229 2142 2267 me
2170 2216 2398 2283 oporte·

370 2286 473 2340 bat
518 2286 975 2355 Umpfenbachius

1278 2362 1585 2422 ASOTVS

502 2469 724 2526 ’Ἀσωτοι
751 2471 979 2525 fuerunt
1006 2470 1181 2540 Antip
1182 2469 1347 2524 hanis
1387 2472 1446 2524 et
1470 2469 1762 2552 Eutychis
1789 2464 2016 2533 ’Ἀσωτος
2043 2470 2395 2527 Timostrati.

371 2542 650 2613 Amicam,
687 2542 748 2596 ni
783 2542 976 2611 fallor,
1012 2544 1184 2596 noctu
1222 2541 1541 2595 clanculum
1576 2558 1612 2594 a.
1649 2558 1708 2595 se
1744 2514 1804 2595 in
1843 2541 2070 2595 domum
2096 2545 2396 2611 paternam

372 2614 602 2668 ductam
644 2630 766 2668 esse
810 2616 1005 2668 narrat
1050 2612 1380 2667 adulescens
1428 2615 1618 2667 asotus
1664 2612 1732 2667 fr.
1769 2613 1819 2682 Ι,
1876 2613 1946 2666 de
1992 2613 2189 2667 eodem
2233 2612 2298 2667 fr.
2338 2614 2394 2667 11

370 2685 521 2754 patri
558 2702 736 2740 sermo
774 2687 860 2739 est
896 2684 986 2739 vel
1015 2701 1144 2738 cum
1170 2700 1301 2738 sene
1330 2683 1510 2738 arnico
1539 2683 1631 2738 vel
1660 2700 1787 2737 cum
1814 2700 1988 2738 servo.
2047 2683 2394 2739 Obsonantis

372 2758 623 2825 sumptus
643 2758 955 2826 tanguntur
972 2755 1036 2810 fr.
1053 2755 1145 2810 111.
1183 2754 1504 2809 Parasitum
1521 2755 1845 2823 loquentem
1864 2755 2040 2809 habes
2059 2755 2125 2811 fr.
2147 2755 2199 2810 V
2218 2758 2277 2810 et
2294 2755 2390 2811 VI.

1366 2887 1399 2946 I
1641 2993 1793 3036 nam
1838 2993 1958 3058 ego

264 3089 330 3138 ιο
367 3076 633 3142 Duabus
677 3076 923 3165 uigiliis
968 3077 1308 3142 transactis
1353 3077 1515 3142 dtico
1563 3077 1858 3143 desubito
1904 3078 2184 3143 domum.

507 3190 724 3246 Nonius
744 3195 867 3257 517,
888 3194 953 3241 13
986 3187 1342 3242 ‘desubito
1364 3187 1747 3244 ...Caecilius
1774 3189 1980 3244 Asoto:
2016 3189 2170 3243 nam’
2197 3203 2244 3242 e.
2266 3206 2319 3257 q.
2343 3207 2389 3245 s.

370 3264 587 3332 (asato
623 3260 820 3316 Bamb.
852 3231 997 3313 item
1031 3258 1334 3314 fr.11.111.
1370 3258 1464 3314 VI.
1503 3259 1624 3329 VH)

509 3365 538 3412 1
576 3362 732 3430 nam]
779 3374 907 3412 eam
942 3357 1186 3428 Scaliyer
1298 3373 1390 3412 me
1434 3364 1562 3415 ante
1608 3373 1712 3427 ego
1750 3360 1977 3428 quidam
2011 3360 2183 3414 inseri
2214 3358 2391 3414 voluit

364 3501 489 3557 B..
507 3428 1496 3557 {mammem
1529 3431 1829 3498 ...m
1971 3429 2228 3486 M...
2264 3447 2391 3485 Μ·
