2610 4007
887 181 1256 237 CAEcmvs
1296 169 1607 240 STATrvs'
2167 188 2251 252 59

221 342 336 397 bia
362 342 438 395 W
474 340 995 411 hipobolimaeo
1032 344 1420 398 trastrabia
1456 345 1561 398 HL
1599 345 1958 401 Rastraria
1997 347 2118 401 cod.
2147 365 2249 401 ms.

221 413 431 468 habere
467 415 667 466 narrat
703 412 904 466 Junius
941 412 1236 469 Animadv.
1265 415 1345 469 VI
1385 419 1472 486 10)

366 519 561 574 rebere
600 519 653 573 L
689 518 847 573 rabie
885 520 1080 574 rabere
1121 521 1441 578 Gebhardus
1478 522 1612 578 Ant.
1641 526 1755 579 lect.
1783 525 1828 577 I
1859 529 1921 577 11
2036 523 2157 593 agit
2188 525 2257 579 Η

1211 654 1268 710 V

216 754 391 839 Ere,
428 753 692 818 obsecro
702 805 720 838 ,
765 752 978 818 hercle
1026 753 1266 819 desine!
1315 792 1403 801 —
1448 755 1664 840 Mane,
1710 757 2014 841 coepiam.

361 874 584 929 Nonius
622 880 708 943 89,
747 880 814 929 16
857 864 1200 944 ‘coepere,
1251 875 1516 946 incipere.
1590 876 1866 932 Caecilius
1912 878 2249 932 Periboea

223 944 619 1001 Rastraria:
656 946 771 1001 ere'
812 962 858 1002 e.
897 963 950 1014 q.
990 964 1032 1000 e.
1107 947 1674 1016 (Hypobolimaea
1709 950 1773 1003 R.
1814 949 2083 1020 Scaliger)

363 1053 595 1107 obsecro
633 1052 954 1124 Spengelius
989 1053 1224 1107 obscuro
1262 1048 1305 1108 ὼ
1473 1054 1727 1109 desinam
1774 1056 1962 1111 Vrbi‘n'.
2001 1060 2103 1109 307

221 1125 500 1180 Personas
533 1125 696 1195 vulyo
721 1141 837 1179 ‘non
862 1125 1239 1196 distinyuunt:
1273 1142 1459 1181 servus
1493 1127 1766 1196 vapulans
1790 1127 2005 1194 frustra
2029 1128 2247 1182 veniam

211 1203 481 1266 precatwr

1191 1274 1280 1333 VI

221 1375 414 1454 Quod
447 1374 839 1460 prolubium,
877 1377 1039 1460 quae
1074 1376 1395 1462 uoluptaS,
1433 1380 1595 1462 quae
1622 1382 1687 1442 te
1712 1377 1912 1442 lactat
1935 1378 2246 1464 largitas?

361 1495 580 1551 Nonius
613 1501 697 1565 16,
728 1502 796 1550 20
838 1495 1134 1551 ‘lactare
1172 1500 1259 1551 est
1294 1497 1560 1553 inducere
1596 1497 1691 1552 uel
1715 1497 1982 1567 mulgere,
2020 1498 2245 1566 uellere,

216 1567 481 1637 decipere
525 1611 589 1622 ..
690 1566 970 1622 Caelius
1023 1568 1124 1637 Hy
1131 1568 1573 1637 pobolimaea
1626 1568 2013 1624 Rastraria.
2070 1569 2241 1637 quod’

226 1656 348 1707 e..q
374 1656 415 1693 s
437 1637 806 1709 (Caecilius
835 1638 1409 1708 Hypobolimaeo:
1447 1657 1591 1694 mea
1627 1639 1966 1694 rastraria
1993 1640 2244 1694 Muretus

218 1711 351 1765 Var.
390 1710 542 1834 Lffit'
580 1709 658 1834 IX
698 1711 785 1779 13)
840 1709 1091 1764 Terentii
1146 1711 1368 1780 adelph
1410 1716 1512 1766 985
1557 1710 1690 1765 hinc
1737 1714 2020 1781 sumptum
2063 1711 2244 1765 videri

216 1783 422 1836 monet
510 1796 608 1833 ure
637 1797 719 1834 us

359 1887 537 1959 quod]
576 1886 806 1956 quidem
853 1888 1039 1944 Vrbin.
1081 1893 1183 1942 307

635 2036 1319 2098 HYPoBoLIMAEvs
1375 2012 1827 2100 AESCHINVS

213 2140 362 2227 Ego
409 2139 576 2205 sslud
621 2140 834 2204 minus
879 2139 1015 2204 nilo
1062 2141 1287 2226 exigor
1330 2141 1710 2225 portorium.

362 2260 580 2316 Gellius
615 2260 720 2314 XV
749 2267 832 2329 14,
872 2267 905 2314 5
948 2261 1090 2315 ‘sese
1125 2260 1396 2331 pecunias
1432 2261 1706 2316 maximas
1744 2264 1969 2316 exactos
2008 2277 2169 2315 esse.

214 2332 279 2386 id
322 2332 491 2387 nobis
536 2330 841 2385 uidebatur
886 2331 1101 2386 Graeca
1145 2332 1327 2413 figura
1374 2331 1588 2386 dictum
1626 2377 1637 2389 .
1676 2376 1687 2388 .
1725 2331 1978 2402 ‚quodsi
2022 2332 2083 2385 id
2131 2331 2244 2386 dici

213 2405 423 2474 potest,
463 2402 639 2457 etiam
676 2405 906 2456 exactus
945 2419 1066 2457 esse
1102 2402 1310 2471 aliquis
1345 2403 1645 2472 pecuniam
1682 2403 1795 2458 dici
1829 2406 2033 2473 potest.
2109 2403 2244 2458 Gae-

219 2475 498 2543 ciliusque
547 2473 744 2528 eadem
788 2474 969 2544 figura
1013 2473 1074 2527 in
1127 2474 1672 2572 Hypobolimaeo
1719 2474 2059 2529 Aeschino
2110 2490 2243 2528 usus

216 2546 472 2600 uidetur·
525 2561 631 2614 ego
667 2544 833 2597 illud'
875 2560 920 2598 e.
961 2562 1014 2612 q.
1054 2563 1094 2599 s
1173 2544 1257 2598 id
1294 2548 1405 2601 est.
1451 2546 1631 2601 nihilo
1670 2546 1853 2600 minus
1892 2545 2136 2627 exigitur
2174 2545 2243 2599 de

214 2633 305 2743 gie
349 2616 698 2740 pflrtorlizum.
687 2615 703 2641 ’
778 2615 996 2670 Nonius
1036 2621 1156 2684 106,
1195 2618 1322 2670 23‘
1336 2616 1573 2687 exigor
1615 2634 1717 2686 pro
1766 2635 1801 2672 a
1846 2633 1934 2671 me
1981 2616 2241 2686 exigitur

260 2704 361 2742 aec
431 2705 499 2740 us
594 2684 819 2742 xcino:
859 2687 987 2756 ego'
1029 2702 1075 2741 e.
1116 2704 1168 2755 q
1209 2705 1250 2743 s,

358 2793 480 2848 nilo
529 2793 910 2847 Fleckeisenus
960 2794 1110 2861 epist.
1150 2795 1271 2849 crit.
1310 2794 1387 2849 ad
1437 2794 1522 2849 M.
1563 2794 1853 2850 Hertzium
1897 2811 1956 2863 p.
1997 2798 2065 2847 37
2102 2794 2242 2848 conl.

216 2866 444 2921 Lachm.
483 2866 548 2919 in
583 2864 751 2919 Lucr.
791 2870 857 2917 27
895 2881 970 2933 sq.
1006 2863 1186 2918 nihilo
1225 2885 1268 2917 ω

1096 3015 1361 3073 IMBRII

348 3111 590 3192 Ἴμβριοι
630 3111 942 3166 Menandri.
1016 3112 1107 3165 Ad
1143 3109 1536 3182 argumentum
1573 3112 1711 3181 quid
1746 3112 1923 3168 faciat
1962 3113 2029 3169 fr
2057 3114 2109 3167 H
2147 3130 2244 3183 ap-

218 3186 402 3253 paret3
442 3182 631 3237 ebrius
658 3182 850 3237 nescio
879 3182 1005 3251 quis
1034 3200 1161 3236 cum
1189 3183 1373 3238 sodali
1400 3183 1558 3252 loqui
1586 3183 1810 3239 videtur
1844 3185 1910 3240 fr.
1939 3185 2032 3255 ΠΙ,
2070 3185 2246 3239 frater

220 3254 497 3309 sollicitus
536 3256 624 3307 est
658 3253 724 3310 fr.
755 3254 872 3308 VII.
1212 3333 1243 3391 I

343 3486 356 3497 .
406 3487 418 3499 .
467 3438 533 3498 et
576 3434 827 3498 homini
872 3437 938 3498 et
982 3434 1266 3518 pecubus
1314 3435 1613 3500 6mnibus

359 3555 580 3610 Nonius
619 3561 739 3625 159,
780 3560 845 3609 15
887 3557 1132 3625 ‘pecua
1178 3560 1235 3612 et
1279 3558 1498 3627 pecuda
1543 3556 1628 3610 ita
1673 3557 1738 3609 ut
1783 3571 1986 3624 pecora
2023 3560 2241 3611 ueteres

2285 775 2353 823 90
