2610 4007
549 165 1082 221 ANONYMORVM
1116 165 1473 220 MIMORVM
1508 166 1901 232 RELIQVIAE
2104 168 2239 231 383

998 325 1018 352 ι

1089 388 1348 446 XXVIII

207 471 440 555 strigio

357 590 536 645 Gloss.
568 592 712 646 Scal.
749 592 809 645 in
847 592 958 647 OGl
987 593 1038 646 V
1073 599 1174 646 610
1214 592 1277 647 G.
1321 591 1567 662 ‘strigio‚
1614 592 1902 647 mimarius
1940 592 2233 648 scenicuS.'

208 662 300 714 An
348 661 518 716 strio
566 663 657 716 vel
702 663 931 733 istrio‚
979 664 1015 720 i.
1057 680 1101 718 e.
1147 663 1385 719 histrio?

1073 867 1369 926 XXVIII*

344 983 552 1050 Varro
602 985 676 1051 de
723 987 764 1051 l.
802 986 841 1050 l.
880 986 974 1051 VI
1022 987 1102 1049 61
1155 987 1320 1051 ‘dico
1378 1037 1391 1050 .
1440 1037 1454 1049 .
1502 1036 1516 1049 .
1567 1037 1580 1050 .
1634 985 1785 1050 hinc
1842 986 2232 1071 appellatum

208 1090 499 1154 dictum
556 1093 625 1156 in
678 1093 877 1158 mimo
935 1115 1007 1157 ac
1064 1091 1477 1157 dictiosus.'

1122 1312 1318 1370 XXIX

343 1428 747 1515 Augustinus
807 1432 882 1496 de
943 1432 1060 1495 civ.
1123 1431 1224 1495 dei
1281 1429 1377 1494 VI
1437 1430 1472 1493 7
1573 1431 1888 1515 numquid
1948 1430 2229 1515 Priapo

208 1535 447 1619 mimi,
502 1559 633 1601 non
683 1539 876 1602 etiam
924 1538 1282 1602 sacerdotes
1338 1537 1673 1600 enormia
1726 1537 2072 1621 pudenda
2127 1539 2231 1601 fe-

209 1642 522 1706 cerunt?
596 1666 677 1707 an
715 1644 902 1709 aliter
938 1648 1068 1708 stat
1110 1643 1467 1707 adorandus
1504 1643 1571 1706 in
1609 1643 1767 1707 locis
1804 1643 2000 1707 sacris
2039 1665 2230 1727 quam

209 1749 499 1831 procedit
545 1749 846 1815 ridendus
892 1752 962 1815 in
1008 1750 1355 1815 theatrisP’
1432 1747 1524 1813 Cf.
1570 1747 1743 1812 XIX.
1817 1747 2056 1813 Seneca
2099 1754 2232 1814 nat.

208 1877 312 1939 qu.
357 1853 389 1918 I
439 1855 540 1939 16,
582 1856 615 1918 1
668 1855 969 1921 ‘Hostius
1013 1857 1140 1920 fuit
1187 1855 1441 1933 Quadra
1486 1855 1903 1944 obscenitatis
1948 1857 2018 1920 in
2063 1878 2232 1920 scae-

205 1984 356 2026 nam
402 1984 604 2047 usque
649 1964 1019 2048 productae'
1067 1986 1117 2029 e.
1157 1986 1214 2049 q.
1254 1985 1301 2028 S.

1543 1429 1561 1459 Q

348 2102 561 2156 Eadem
598 2101 713 2155 fere
754 2101 1046 2168 ‘numquid
1085 2101 1234 2154 enim
1270 2101 1474 2170 Priapo
1521 2083 1688 2154 mimi·
1729 2117 1793 2154 ac·-
1838 2104 2067 2169 poetae,
2114 2117 2228 2153 non

208 2173 380 2226 etiam
427 2173 765 2226 sacerdotes’
808 2189 853 2226 e.
884 2190 936 2240 q.
967 2190 1009 2226 s.
1084 2172 1258 2226 habet
1298 2171 1568 2226 Boethius
1617 2171 1686 2224 de
1735 2171 1821 2225 dis
1866 2175 1923 2225 et
1967 2187 2229 2240 praesen-

206 2243 457 2298 sionibus
494 2243 555 2296 in
592 2243 785 2297 scholl.
817 2243 986 2298 Cicer.
1028 2244 1114 2298 ed.
1146 2243 1320 2297 Orelli
1356 2244 1407 2296 II
1442 2262 1495 2312 p.
1528 2249 1649 2309 392,
1680 2249 1764 2296 37.

1137 2445 1303 2504 XXX

342 2565 579 2630 Seneca
644 2567 825 2651 epist.
886 2566 1040 2650 114,
1094 2567 1134 2629 6
1202 2564 1377 2648 ‘qui'
1437 2561 1823 2651 (Maecenas)
1887 2563 1986 2627 ‘in
2051 2565 2227 2628 omni

205 2673 465 2755 publico
514 2677 699 2737 coetu
747 2674 839 2737 sic
886 2671 1269 2757 adparuerit,
1316 2675 1391 2734 ut
1434 2670 1632 2754 pallio
1674 2670 1998 2733 uelaretur
2034 2674 2227 2753 caput

205 2780 481 2843 exclusis
536 2781 861 2863 utrimque
909 2779 1198 2862 auribus,
1250 2800 1382 2842 non
1428 2778 1616 2841 aliter
1663 2798 1857 2860 quam
1911 2776 1979 2839 in
2024 2777 2223 2840 mimo

203 2886 532 2971 fugitiui
589 2887 863 2950 diuitis
917 2884 1167 2950 solent?
1248 2883 1340 2948 Cf.
1387 2881 1486 2947 III
1533 2888 1597 2947 et
1641 2881 1753 2947 IV.

347 3023 596 3078 diuitis
634 3024 872 3092 Lipsius,
913 3025 1028 3077 Bue
1075 3023 1334 3077 diuites
1372 3023 1667 3092 Bamberg.
1708 3022 1949 3076 dautes
1987 3023 2221 3091 Argent.

202 3095 468 3149 milites
516 3096 797 3164 Hauptius
835 3096 1019 3149 Herm.
1050 3096 1154 3171 VII
1190 3101 1310 3150 182.

1116 3297 1312 3356 XXXI

336 3417 602 3482 Ovidius
635 3419 799 3483 trist.
828 3416 893 3481 Π
926 3417 1054 3495 497
1086 3440 1222 3501 sqq.
1252 3416 1432 3500 ‘quid
1468 3417 1523 3480 si
1561 3416 1952 3499 scripsissem
1990 3414 2222 3478 mimos

199 3526 476 3590 obscena
504 3526 803 3609 iocantes,
824 3524 947 3602 Qui
975 3546 1224 3607 semper
1251 3523 1388 3587 ficti
1412 3523 1652 3587 crimen
1680 3523 1915 3585 amoris
1938 3521 2223 3584 habent?
