2610 4007
813 141 1181 197 CAECILIVS
1220 142 1520 198 STATIVS
1988 135 1990 137 ¹
2089 147 2171 212 51

182 513 195 526 .
233 513 245 526 .
282 462 442 527 hunc
488 463 729 529 collum
776 463 957 528 Ludo
1001 364 1292 549 praelclidi'
1330 464 1506 529 iube!

296 593 506 648 Nonius
526 599 650 663 200,
672 600 742 648 20
783 594 1044 650 ‘collus
1070 594 1382 650 masculino
1413 637 1425 649 .
1448 639 1459 649 .
1484 638 1496 650 .
1528 594 1804 650 Caecilius
1844 596 2172 667 Sarpazo-

177 681 369 720 mane:
404 666 578 720 hunc'
621 682 666 720 e.
698 684 751 734 q.
784 684 808 719 s
882 666 1419 737 (Harpazomene
1455 665 1675 737 Junius)

295 781 445 837 Ludo
482 800 525 837 x
569 781 707 835 ludo
744 785 904 853 vulqo
940 781 1072 835 lodo
1111 781 1297 853 (loedo
1310 785 1355 852 ?)
1393 782 1480 836 F¹
1589 781 1838 852 praecipi
1877 783 1995 838 FL

1113 968 1207 1026 HI

173 1064 408 1132 Vtinam
453 1068 754 1153 pisciculi
801 1069 866 1132 te
913 1068 1195 1155 schema,
1239 1069 1377 1132 sine
1423 1069 1715 1134 cruribus

172 1170 435 1239 Videam!

289 1303 575 1359 Charisius
612 1324 665 1375 p.
700 1311 801 1359 117
829 1306 889 1359 Ρ.
931 1306 1234 1360 ‘schema
1268 1306 1443 1374 quasi
1487 1306 1857 1376 monoptoton
1894 1308 1992 1377 sit,
2037 1327 2165 1379 pro-

169 1372 279 1428 inde
304 1376 619 1431 declinasse
639 1376 915 1431 Caecilius
942 1377 1003 1430 in
1023 1375 1479 1452 Ἁρπαζομένῳ
1507 1379 1822 1435 denotatur.
1860 1379 2163 1451 Vtinam,

168 1442 350 1516 inquit,
386 1450 453 1502 te
604 1447 896 1516 uideam,
931 1465 1033 1518 pro
1073 1448 1397 1503 schemate!

290 1570 314 1616 1
349 1562 615 1632 pisciculi
649 1565 707 1617 te
745 1563 971 1618 schema
1006 1565 1321 1620 dubitanter
1350 1566 1570 1627 conieci.
1625 1563 1847 1619 tescioli
1875 1565 2165 1621 schemata

168 1634 261 1686 eod.
295 1636 350 1687 te
387 1633 507 1688 sine
548 1634 776 1688 schema
809 1637 891 1690 ed.
912 1653 1004 1705 pr.
1051 1637 1109 1688 te
1147 1635 1354 1689 seruoli
1392 1634 1618 1689 schema
1653 1636 1778 1691 Bwe
1811 1653 1947 1691 mus,
1984 1637 2161 1692 Rhea.

168 1706 237 1771 29,
263 1709 355 1758 197
401 1708 487 1775 te,
527 1705 728 1775 sciole‚
765 1705 910 1760 istac
948 1706 1173 1760 schema
1208 1709 1339 1762 olim
1373 1709 1580 1762 conieci

1108 1891 1196 1949 IV

167 1984 309 2063 Quid
350 1991 605 2076 narras,
649 1990 919 2057 barbare
964 1991 1297 2058 indomitis
1344 2015 1490 2058 cum
1535 1992 1849 2081 moribus,

163 2090 494 2163 Inlftterate
542 2098 762 2164 inlex?
2196 2120 2263 2168 60

228 2293 239 2304 .
281 2226 497 2282 Nonius
536 2234 633 2298 10,
673 2234 740 2283 23
791 2228 1037 2283 ‘inlex’
1086 2229 1193 2301 (ita
1227 2230 1402 2284 BaL¹
1445 2229 1586 2283 ilex
1631 2232 1697 2300 φ)
1736 2231 1816 2283 ‘et
1854 2230 2015 2283 exlex
2052 2234 2155 2300 est,

164 2310 243 2361 qm
268 2296 381 2353 sine
408 2298 537 2369 lege
565 2299 730 2354 uiuat
760 2345 769 2355 .
795 2345 805 2355 .
829 2345 841 2356 .
872 2300 1149 2355 Caecilius
1187 2302 1712 2370 Sarpazomenez
1750 2300 1908 2369 quid'
1950 2317 1997 2356 e.
2027 2319 2080 2370 q.
2112 2320 2153 2358 s.

165 2364 416 2424 ‘Sisenna’
450 2369 507 2425 ‘e.
549 2387 601 2438 q.
643 2388 684 2425 s.
757 2372 1296 2443 (Hal-pazomene
1333 2372 1563 2443 Aldina)

283 2489 310 2537 1
349 2502 478 2539 cum
513 2485 803 2541 indomitis
832 2508 892 2555 ω,
929 2491 1245 2557 transposui
1389 2495 1421 2543 2
1457 2487 1610 2543 inlex
1645 2487 1707 2541 hi
1744 2490 1875 2541 sunt
1910 2488 1992 2558 (hi
2025 2491 2156 2543 sunt

161 2553 213 2605 in
240 2558 366 2627 raa)
400 2557 500 2612 Ba
551 2556 705 2611 inlex
747 2558 847 2612 hes
884 2559 966 2613 L1
1016 2558 1132 2613 ilex
1176 2575 1234 2613 es
1272 2579 1316 2629 φ
1370 2558 1574 2628 inlegis
1611 2560 1736 2614 Bue
1779 2562 1933 2629 apud
1967 2560 2153 2631 Bmy·

161 2640 360 2681 mamm
386 2646 445 2697 p.
470 2633 540 2682 30
579 2631 695 2699 (qui
728 2628 883 2683 inlex
917 2629 1230 2685 inliti-‚erate
1249 2634 1435 2701 prop.)
1470 2630 1585 2685 ilex
1618 2632 1853 2698 formam
1886 2632 2028 2688 idem
2064 2632 2154 2687 de-

161 2694 313 2759 fendit
347 2701 479 2755 decl.
518 2701 613 2755 lat.
648 2705 729 2755 14.
802 2702 952 2756 Istae
995 2719 1133 2772 quas
1163 2709 1291 2771 post
1333 2701 1487 2755 inlex
1523 2703 1654 2757 libri
1686 2703 1940 2758 exhibent
1973 2704 2154 2758 sordes

163 2781 186 2817 e
215 2766 469 2824 Sisennae
507 2772 652 2841 quod
685 2774 928 2842 seqwc’twr
960 2774 1180 2829 ‘nomine
1213 2774 1470 2828 videntwr
1506 2780 1655 2829 ortae
1689 2790 1797 2829 esse

1116 2957 1173 3014 V
1919 3004 1922 3010 .

162 3047 316 3138 Equi
353 3057 549 3122 homo
597 3057 1044 3142 ineptitudim‘s
1084 3059 1446 3124 cumulatus
1481 3059 1727 3124 cultum
1764 3057 2005 3124 oblitus
2041 3059 2150 3124 es?

282 3186 492 3242 Nonius
513 3193 636 3257 128,
659 3193 725 3242 15
765 3187 1190 3257 ‘ineptitudo
1217 3206 1319 3258 pro
1346 3188 1579 3259 ineptia.
1635 3187 1910 3244 Caecilius
1937 3189 2149 3258 Arpa-

162 3269 329 3313 zone:
366 3258 485 3327 qui’
526 3275 573 3315 e.
603 3276 656 3327 q.
687 3276 728 3313 s,
803 3259 1328 3329 (Harpazomene
1366 3261 1452 3316 ed.
1483 3263 1642 3332 1526)

284 3373 407 3442 equi
443 3376 499 3445 (i.
530 3391 574 3431 e.
614 3373 799 3445 ecqui)
833 3377 1053 3459 scripsi:
1090 3377 1160 3443 cf.
1197 3377 1372 3431 Naev.
1404 3382 1505 3430 116
1552 3375 1650 3445 qui
1690 3396 1732 3429 ω
1771 3375 1868 3444 qui
1894 3378 1968 3461 ‘tu
2002 3395 2044 3432 x

162 3438 641 3573 ffloefflzsffs
666 3446 938 3517 Berykms
962 3448 1426 3504 commendaverat
1452 3450 1527 3503 ad
1552 3449 1760 3504 iambos
1784 3448 1926 3503 redu
2033 3448 2148 3501 cul-

1757 3608 1827 3662 4*
