2610 4007
305 87 435 152 136
651 86 752 140 EX
785 86 1118 142 INCERTIS
1155 86 1635 142 INCERTORVM
1670 86 1973 142 FABVLIS

298 245 710 301 nobilitatis
767 246 1121 301 obscurae:
1177 246 1529 301 halofantam
1565 264 1637 301 m.
1675 248 1753 301 u.’
1830 246 1909 302 cf.
1947 246 2022 301 M.
2060 245 2322 300 Hertzius

301 317 513 372 annall.
542 316 758 387 philoll.
790 322 928 372 1862
964 335 1018 387 p.
1051 322 1169 372 725.
2258 332 2264 337 ’

302 533 688 598 Paninculis
732 532 813 597 ad
857 532 1014 597 litus
1057 532 1225 596 ludit
1240 432 1597 597 {geribua

447 652 907 734 Isidorus-origg.
945 652 1073 707 XIX
1102 660 1152 723 1,
1182 659 1250 707 20
1292 654 1485 734 ‘paro
1521 652 1814 724 nauigium
1848 613 2155 724 piratarum
2191 652 2322 709 usui

307 728 506 796 aptum
536 770 546 780 .
580 769 590 780 .
623 768 634 779 .
664 724 880 780 G1cero:
918 726 1052 778 tunc
1091 740 1150 778 se
1186 723 1482 794 fluctlgyro
1520 724 1699 778 tradit
1734 726 2072 793 mandatque
2101 725 2320 794 paroni.

308 799 369 851 et
404 795 605 851 alibi:
642 794 986 865 parunculis’
1027 811 1073 849 e.
1113 812 1165 863 q.
1207 812 1246 849 S.
1325 794 1403 850 cf.
1445 794 1654 852 annall.
1692 795 1910 865 philoll.
1943 801 2076 851 1866
2111 814 2166 866 p.
2198 801 2321 851 399.

1232 944 1406 1003 XVII

313 1046 658 1112 Contendit
705 1047 948 1111 oculos:
996 1046 1334 1131 derepente
1381 1047 1544 1111 abiit
1589 1048 1786 1113 celox,

451 1167 668 1223 Nonius
706 1172 827 1237 518,
865 1174 897 1221 8
939 1167 1339 1237 ‘derepente
1376 1167 1658 1238 Turpilius
1689 1210 1701 1223 .
1725 1212 1736 1223 .
1761 1211 1773 1223 .
1802 1168 2012 1223 Ennius
2156 1169 2319 1224 Afra-

305 1240 436 1295 nius
483 1241 559 1311 [v.
589 1245 691 1293 199
722 1240 827 1310 sq.]
872 1238 1023 1293 idem
1068 1240 1142 1311 [v.
1183 1240 1312 1310 223]
1359 1238 1759 1293 Contendit’
1802 1256 1848 1296 e.
1884 1258 1936 1308 q.
1978 1258 2021 1294 s,
2098 1240 2327 1295 ‘Accius

309 1349 327 1367 .
347 1356 360 1367 .
384 1355 396 1365 .
416 1309 632 1365 Nouius
654 1354 666 1364 .
690 1354 701 1364 .
724 1353 735 1365 .
757 1309 1050 1364 Terentius
1071 1352 1084 1364 .
1107 1353 1117 1364 .
1141 1351 1153 1365 .
1174 1309 1513 1379 Pomponius
1537 1354 1548 1365 .
1570 1353 1581 1364 .
1604 1354 1616 1365 .
1638 1310 1847 1364 Ennius
1879 1353 1890 1365 .
1913 1354 1925 1366 .
1949 1354 1959 1365 .
1981 1310 2159 1365 Varro
2192 1356 2201 1365 .
2236 1356 2247 1367 .
2280 1312 2315 1366 .’

311 1383 539 1453 (Idemz
579 1380 940 1436 contendit
975 1380 1222 1451 Lipsius3
1257 1382 1389 1450 post
1416 1380 1623 1436 exilit
1649 1381 1909 1435 ultimum
1934 1381 2326 1451 praecedentis

311 1452 554 1523 exempli
579 1452 813 1507 verbum
841 1451 1094 1507 excidere
1130 1451 1296 1505 item
1330 1450 1546 1521 potuit3
1585 1469 1659 1507 an
1686 1451 2027 1509 Titinius?
2076 1454 2325 1523 ‘poetam

309 1525 579 1581 ueterem’
621 1522 761 1577 dicit
794 1522 1083 1579 Bentleius
1121 1522 1196 1577 ad
1231 1522 1363 1577 Hor.
1402 1522 1564 1592 epist.
1601 1523 1628 1577 Ι
1666 1530 1716 1593 1,
1755 1527 1841 1590 28)

454 1630 601 1685 abiit
633 1631 856 1699 scripsi,
890 1630 1017 1684 item
1051 1629 1237 1685 Luchs
1269 1631 1411 1685 stud.
1450 1629 1477 1682 1
1516 1634 1582 1684 το
1620 1630 1740 1684 abit
1776 1630 1870 1685 Ba
1913 1630 2078 1685 habit
2118 1630 2170 1686 G
2189 1608 2328 1685 ΗΒ

383 1701 542 1756 celox
578 1701 807 1771 In’psius
842 1700 965 1754 colo
1002 1720 1045 1754 ω
1083 1699 1235 1754 colos
1273 1701 1510 1757 Rothius
1542 1705 1668 1756 loco
1705 1701 1935 1772 Machly

1217 1849 1422 1909 XVIII

306 1951 672 2018 Vinnulum
716 1949 1101 2016 sensilocum
1147 2000 1655 2017 .........

454 2072 672 2127 Nonius
705 2091 760 2143 p.
792 2078 910 2142 186,
943 2078 1010 2127 10
1051 2071 1438 2126 ‘uinnulum
1483 2072 1664 2127 sensi
1709 2073 1953 2144 locum,
2000 2075 2061 2128 id
2100 2078 2186 2130 est
2221 2075 2328 2128 in-

309 2145 670 2200 lecebrum.
726 2144 960 2198 Plautus
997 2142 1260 2198 Asinaria
1300 2188 1311 2198 .
1344 2186 1355 2197 .
1387 2188 1398 2198 .
1439 2143 1691 2198 oratione
1728 2144 1964 2199 uinnula
2001 2146 2330 2201 uenustula’

312 2215 838 2287 (inlecebrosum
888 2214 1214 2284 Quicherat‚
1260 2217 1327 2268 ut
1372 2213 1493 2284 ipse
1544 2214 1775 2270 conieci.
1811 2215 2232 2273 inlecebram
2270 2236 2324 2288 x,

313 2287 383 2342 cf.
423 2304 550 2343 ann.
587 2286 804 2356 philoll.
845 2291 982 2340 1868
1018 2304 1073 2355 p.
1101 2287 1227 2355 429)

456 2392 791 2447 sensilocum
825 2393 894 2462 (h.
924 2409 966 2446 e.
1005 2390 1213 2445 sensim
1247 2391 1594 2460 loquentem:
1633 2393 1703 2460 cf.
1741 2395 1919 2449 coroll.
1958 2393 2076 2465 XL)
2115 2396 2247 2450 Par.
2284 2395 2331 2450 Ο

310 2466 602 2520 continuat
639 2462 787 2517 sensi
820 2462 1006 2517 locum
1043 2482 1086 2531 φ
1124 2461 1463 2517 sensiculum
1504 2463 1725 2519 Onions.

1251 2596 1393 2654 XIX

208 2716 277 2764 26
314 2698 414 2763 Ea
459 2702 557 2764 est
601 2697 920 2783 seditiosa,
966 2718 1040 2760 ea
1084 2698 1231 2761 clim
1276 2696 1419 2761 uiro
1468 2695 1707 2761 bellum
1753 2698 1937 2784 gerit.

459 2819 649 2874 Cicero
687 2818 762 2872 ad
788 2817 1041 2872 Atticum
1073 2817 1126 2870 H
1155 2822 1204 2885 1,
1234 2821 1266 2870 5
1302 2818 1429 2887 ‘ego
1466 2817 1646 2871 illam’
1687 2817 1983 2889 (Clodiam)
2024 2818 2141 2874 ‘odi
2178 2820 2331 2875 male

316 2890 694 2945 consularemz
731 2904 808 2943 ea
846 2890 953 2943 est
988 2887 1163 2942 enim
1199 2887 1565 2957 seditiosa,
1594 2904 1671 2942 ea
1700 2905 1843 2943 cum
1878 2888 2030 2944 uiro
2067 2889 2330 2944 bellum

313 2960 522 3032 gerit,
567 2975 750 3029 neque
796 2959 977 3014 solum
1013 2976 1140 3013 cum
1173 2958 1431 3028 Mete110‚
1479 2959 1578 3013 sed
1613 2958 1788 3013 etiam
1824 2977 1951 3013 cum
1986 2961 2186 3016 Fabio’
2230 2965 2332 3031 (ea

313 3035 614 3101 utrumque
651 3030 880 3093 seclusit
912 3028 1187 3085 Baiterus.
1245 3032 1351 3084 est
1386 3029 1563 3084 enim
1600 3048 1641 3086 s.
1681 3033 1750 3085 et
1786 3030 2128 3102 Schuetzius‚
2165 3033 2329 3103 bene,

318 3103 368 3157 si
404 3101 685 3159 Ciceronis
733 3118 912 3156 sermo
958 3103 1140 3171 esset).
1217 3099 1503 3156 Comicum
1546 3118 1768 3156 versum
1812 3101 2024 3171 primus
2078 3104 2334 3158 enotavit

318 3173 576 3242 Orellius‚
616 3189 853 3241 eumque
889 3174 1111 3227 secutus
1151 3173 1238 3225 est
1271 3172 1407 3241 Bue,
1445 3171 1545 3240 qui
1582 3172 1733 3227 Coni.
1771 3172 1895 3228 Lat.
1937 3179 2004 3227 19
2045 3174 2157 3228 ‘uel
2197 3174 2334 3229 Cae-

316 3244 512 3299 cilium
556 3244 649 3299 uel
684 3243 979 3298 Afranium
1021 3242 1082 3295 in
1126 3242 1460 3324 imperiosae
1511 3242 1883 3313 descriptione
1931 3244 2184 3315 coniugis
2223 3246 2332 3300 hoc

314 3333 480 3370 usum
534 3316 676 3370 esse’
735 3314 952 3369 senario
1009 3313 1264 3368 coniecit.
1350 3313 1599 3370 Conferri
1652 3314 1804 3368 idem
1857 3314 2018 3370 iubet
2070 3308 2333 3370 Axionici

316 3387 385 3443 fr.
426 3392 475 3456 6,
513 3392 544 3441 9
593 3383 714 3442 οἷον
798 3383 964 3455 [leole
997 3387 1094 3448 τίς·
1118 3384 1231 3439 ἐστι
1266 3386 1364 3439 καὶ
1400 3383 1636 3456 μάχεταί
1669 3383 1723 3440 τί
1759 3404 1855 3455 μοι
1901 3402 1969 3441 ex
2006 3386 2333 3442 Chalcidico

316 3458 380 3511 et
412 3456 708 3512 Menandri
743 3407 809 3512 g.
848 3462 970 3526 302,
1009 3461 1040 3510 6
1078 3455 1142 3512 Κ.
1185 3456 1268 3526 (ἐκ
1302 3465 1415 3511 τῶν
1450 3458 1858 3530 Κυβερνητῶν).
2332 3492 2335 3496 ι
