2610 4007
1010 195 1072 252 L.
1103 195 1432 257 AERANIV
1435 195 1472 250 S
2118 196 2251 261 265

1143 363 1342 422 XXVI

366 463 621 530 Nonius
660 487 721 549 p.
750 463 900 550 557,
934 465 1019 529 14
1063 465 1131 529 in
1169 469 1455 530 extremo
1492 463 1680 549 libro,
1725 464 1796 529 in
1831 464 2059 549 capitis
2095 463 2252 529 XIX

244 571 338 636 ‘de
372 570 879 656 propinquitate'
908 571 1086 635 exitu
1119 575 1271 655 post
1308 571 1625 656 explicata
1658 571 1922 635 nomina
1948 571 2254 636 ‘caesares

243 678 541 764 agrippae
585 676 888 761 uopiscus
930 676 1076 763 glos
1121 677 1287 742 leuir
1331 677 1593 742 fratriae
1638 677 1891 741 amitini
1933 676 2254 761 patrueles

240 782 627 850 consobrini'
665 782 826 848 haec
861 783 1064 849 addit:
1111 783 1213 848 ‘de
1250 784 1488 868 quibus
1531 783 1822 868 exempla
1861 783 2067 848 multa
2102 786 2256 847 sunt

236 891 303 983 in
348 890 635 974 antiquis
679 888 1051 955 auctoribus
1097 894 1162 955 et
1213 890 1494 955 maxime
1546 891 1617 955 in
1660 888 1931 955 Afranio
1978 893 2044 954 et
2095 888 2256 954 iuris

236 996 691 1062 uetustissimis
726 995 1190 1082 scriptoribus?
1257 995 1352 1062 Cf.
1381 995 1635 1061 Afranii
1670 995 2069 1081 Consobrini‚
2103 994 2254 1060 Fra-

239 1104 415 1189 triae,
460 1102 864 1188 Materterae,
906 1101 1148 1188 Mariti,
1190 1102 1558 1190 Priuignus,
1605 1101 1888 1189 SororeS‚
1919 1102 2254 1187 Vopiscus,

1129 1267 1361 1327 XXVII

368 1368 613 1434 Marius
639 1368 1015 1435 Victorinus
1051 1369 1125 1434 in
1159 1366 1324 1434 CGL
1351 1367 1447 1434 VI
1488 1369 1569 1433 79
1608 1368 1688 1434 K.
1733 1368 1929 1454 ‘quod
1974 1388 2131 1432 uero
2176 1366 2257 1430 ad

239 1476 649 1561 clausulas²
685 1476 753 1540 id
789 1478 888 1540 est
913 1475 1272 1540 minuscula
1299 1475 1458 1561 cola,
1493 1475 1793 1560 pertinet,
1830 1477 1990 1560 quot
2022 1493 2257 1559 genera

236 1605 542 1649 uersuum
595 1586 746 1647 sunt
756 1633 775 1667 ,
835 1581 1109 1647 totidem
1163 1604 1387 1647 eorum
1438 1580 1729 1647 membra
1784 1603 1904 1666 pro
1958 1578 2260 1644 clausulis

238 1689 396 1774 poni
449 1691 749 1773 possunt,
803 1691 869 1753 et
918 1687 1128 1753 solent
1181 1688 1249 1752 in
1295 1689 1620 1753 canticis
1665 1689 1872 1775 magis
1918 1709 2111 1772 quam
2157 1685 2259 1750 de-

238 1794 510 1880 uerbiis‚
561 1816 724 1879 quae
770 1817 850 1859 ex
902 1794 1198 1859 trimetro
1252 1795 1462 1881 magis
1516 1793 1903 1879 subsistunt,
1956 1791 2258 1859 collocari

239 1905 304 1966 et
356 1902 699 1987 praecipue
750 1900 917 1985 apud
961 1899 1267 1965 Plautum
1314 1904 1379 1965 et
1421 1899 1744 1967 Naeuium
1791 1904 1857 1966 et
1898 1899 2257 1966 Afranium.

236 2030 388 2075 nam
429 2008 501 2072 hi
536 2008 814 2073 maxime
852 2029 931 2072 ex
968 2007 1268 2072 omnibus
1313 2007 1619 2073 membris
1654 2030 1958 2073 uersuum
1994 2007 2259 2090 (uelut)

239 2116 399 2181 colis
467 2115 550 2180 ab
630 2113 734 2179 his
812 2114 1124 2199 separatis
1202 2113 1471 2180 licenter
1540 2116 1642 2180 usi
1712 2115 2120 2199 reperiuntur
2189 2112 2260 2176 in

240 2222 585 2287 clausulis?

380 2341 578 2397 uelut
619 2340 857 2396 inseruit
900 2340 1118 2395 Keilius

656 2525 989 2586 mcERTI
1029 2523 1371 2586 HOMINIS
1417 2523 1852 2595 RELIQVIAE

1238 2649 1269 2707 I

376 2750 617 2818 Seneca
653 2751 836 2836 epist.
876 2751 981 2836 89,
1016 2751 1052 2815 7
1103 2750 1442 2835 ‘sapientia
1487 2753 1587 2815 est
1630 2771 1823 2834 quam
1862 2745 2088 2813 Graeci
2134 2763 2263 2812 σο-

244 2861 338 2943 φί
344 2883 438 2924 αν
490 2860 744 2922 uocant.
832 2856 957 2922 hoc
1008 2855 1209 2922 uerbo
1259 2855 1538 2921 Romani
1592 2876 1847 2940 quoque
1899 2853 2264 2938 utebantur,

244 2965 411 3030 sicut
445 2963 858 3050 philosophia
883 2984 1054 3028 nunc
1084 2984 1340 3048 quoque
1365 2965 1663 3028 utuntur:
1702 2961 1874 3046 quod
1906 2963 1973 3026 et
2006 2962 2264 3045 togatae

245 3070 368 3135 tibi
413 3069 714 3155 antiquae
758 3067 1129 3154 probabunt
1175 3073 1239 3133 et
1288 3069 1635 3153 inscriptus
1679 3066 1999 3132 Dossenni
2042 3087 2267 3130 monu-

246 3180 464 3242 mento
510 3175 782 3241 titulus?
858 3174 953 3240 Of.
989 3173 1298 3269 Afranius
1337 3176 1484 3240 299.

1225 3340 1288 3398 Π

381 3440 643 3507 Servius
687 3440 850 3507 Dan.
894 3441 963 3505 in
1008 3439 1200 3527 Verg.
1247 3438 1408 3505 Aen.
1452 3438 1547 3504 XI
1597 3438 1724 3504 160
1769 3438 2043 3502 ‘ueteres
2092 3436 2263 3501 enim

166 3546 178 3557 ’
251 3547 529 3612 uiuendo
600 3545 857 3611 uincere
919 3544 1216 3609 dicebant
1286 3544 1697 3629 superuiuere
1766 3595 1779 3608 .
1836 3594 1851 3608 .
1907 3593 1921 3606 .
1988 3564 2137 3606 nam
2202 3546 2267 3606 et
