2610 4007
336 199 468 262 266
1086 197 1432 252 TOGATAE
1469 197 1551 251 IN
1551 197 1608 252 C.

335 361 406 425 in
479 361 717 447 togatis
790 361 1191 425 uictrices
1263 360 1697 447 appellantur,
1771 379 1933 443 quae
2005 357 2184 422 uiros
2258 379 2377 421 ex-

333 467 664 532 tulerunt.'

1298 577 1394 636 111

467 679 760 744 Donatus
815 680 885 743 in
938 679 1078 744 Ter.
1130 701 1270 743 eun.
1322 676 1355 741 I
1415 680 1480 763 1,
1532 678 1614 741 12
1669 677 2062 742 ‘conoessum
2128 680 2227 741 est
2291 677 2367 741 in

331 785 599 870 palliata
675 786 884 870 poetis
955 786 1218 850 oomiois
1290 807 1511 849 seruos
1584 784 1863 848 dominis
1935 784 2365 868 sapientiores

333 892 595 977 fingere,
642 893 815 976 quod
860 892 1031 956 idem
1077 892 1147 955 in
1191 894 1415 978 togata
1458 913 1591 956 non
1633 890 1768 954 fere
1812 890 2005 955 lieet?

1300 1109 1389 1166 IV

333 1207 725 1292 Quis<nam>
768 1208 891 1273 iste
938 1213 1245 1294 torquens
1288 1208 1520 1273 faciem
1565 1207 1926 1293 planipedis
1970 1208 2184 1273 senis?

473 1329 855 1395 Quintilianus
876 1329 927 1384 V
948 1335 1031 1399 11,
1053 1336 1122 1384 24
1153 1330 1592 1384 ‘admonendum
1628 1331 1716 1383 est
1750 1329 1931 1383 rarius
1969 1345 2090 1383 esse
2126 1328 2188 1381 in
2227 1345 2359 1382 ora-

328 1401 484 1455 tione
519 1401 665 1455 illud
710 1418 886 1471 genus
923 1401 1075 1469 quod
1113 1398 1305 1456 εἰκόνα
1342 1400 1542 1455 Graeci
1583 1403 1816 1470 uocant,
1863 1417 1974 1469 quo
2020 1399 2361 1468 exprimitur

327 1489 513 1526 rerum
549 1475 650 1527 aut
683 1488 1047 1541 personarum
1081 1471 1297 1542 image,
1344 1473 1410 1526 ut
1447 1471 1749 1527 Cassius·
1796 1471 1950 1541 quis
1995 1470 2200 1524 istam
2247 1470 2357 1524 fa-

329 1543 501 1598 ciem
536 1543 884 1612 lanipedis
924 1542 1106 1596 senis
1144 1545 1489 1611 torquens.
1496 1544 1512 1570 ’
1576 1542 1885 1597 Cassium
1920 1542 2355 1596 Parmensem

328 1614 550 1668 laudari
597 1615 915 1683 suspicatur
957 1614 1017 1667 in
1063 1613 1250 1668 indice
1294 1613 1580 1682 Halmius3
1637 1614 1735 1667 sed
1788 1612 2143 1683 tragoediam
2197 1616 2354 1667 certe

326 1685 435 1739 iste
482 1685 790 1739 versiculus
836 1702 950 1739 non
996 1684 1188 1754 spirat.
1269 1685 1447 1738 Immo
1496 1683 1772 1739 Cassius
1820 1685 2108 1739 Severus
2155 1687 2356 1738 orator

326 1755 709 1810 nobilissimus
746 1755 1178 1826 intellegendus,
1222 1756 1290 1809 de
1328 1772 1439 1824 quo
1476 1756 1606 1809 vide
1642 1755 1710 1811 H.
1740 1754 1954 1825 Meyeri
1990 1756 2155 1809 oratt.
2184 1755 2349 1808 Rom.

327 1826 392 1881 fr.
421 1845 475 1896 p.
497 1832 600 1880 545
621 1845 703 1895 sq.
760 1827 947 1880 Verba
985 1826 1104 1880 eius
1142 1844 1177 1881 a
1212 1826 1561 1892 Quintiliano
1598 1826 1835 1881 laudata
1873 1829 1975 1881 aut
2008 1842 2177 1895 prosa
2215 1829 2353 1880 sunt

329 1899 429 1950 aut
465 1913 532 1951 ex
570 1897 860 1952 comoedia
896 1897 957 1950 in
994 1897 1308 1952 orationem
1347 1898 1628 1952 translata
1666 1900 1723 1952 et
1759 1914 1951 1952 versus
1988 1900 2054 1950 ut
2089 1896 2214 1965 fiat,
2263 1896 2353 1951 ita

326 1968 748 2038 transponenda
784 1971 850 2023 ut
883 1968 1149 2026 indicavi.

466 2075 574 2130 iste
620 2077 984 2131 Eua-mannus
1027 2075 1198 2130 istam
1243 2097 1286 2130 ω
1475 2074 1795 2145 planipedis
1841 2076 2049 2147 Regius
2092 2074 2349 2144 lanipedi

326 2147 573 2203 Ambroe.
613 2148 809 2203 Bamb.
847 2165 916 2203 m
957 2153 988 2200 2
1044 2146 1335 2216 lanipendi
1380 2149 1577 2203 Bamb.
1614 2165 1683 2203 m.
1725 2153 1752 2199 1
1981 2146 2188 2200 faeiem
2230 2149 2352 2201 tor-

325 2234 500 2286 quens
537 2220 663 2274 Bue
