2610 4007
982 130 1042 184 L.
1078 130 1442 184 AFRANIVS
2089 131 2218 196 259

194 293 522 359 usurpauit,
573 290 673 343 sed
709 289 1003 344 Afranium
1050 289 1326 359 sequitur,
1375 289 1472 358 qui
1518 289 1578 343 in
1622 290 1908 360 prologo
1952 306 2028 344 ex
2072 307 2220 359 per-

196 377 364 415 sona
401 360 643 430 Priapi
679 361 787 416 ait:
825 363 978 415 nam’
1011 378 1055 416 e.
1087 379 1140 429 q.
1171 380 1212 415 s,

1163 494 1258 553 III

198 593 364 659 Cum
411 594 494 658 ad
539 595 688 658 med
733 596 985 680 expiras
1031 598 1097 659 et
1140 595 1446 659 fabellare
1491 594 1761 680 incepiS,

193 701 300 766 Ex
349 703 458 766 6re
505 702 597 766 mi
644 703 848 766 oculis
891 703 995 766 tu1‘
1034 703 1304 767 bibones
1348 702 1659 767 inuolant.
2222 725 2326 773 405

341 823 590 877 Isidorus
639 823 789 894 Orig.
828 823 931 877 XII
975 829 1033 893 8,
1075 830 1141 878 16
1201 823 1551 878 ‘bibiones
1609 825 1763 892 sunt,
1820 823 1918 891 qui
1970 821 2032 876 in
2086 820 2221 876 uino

194 897 534 963 nascuntur,
591 911 731 962 quos
785 895 957 963 uulgo
1012 894 1321 949 mustiones
1377 912 1412 948 a
1461 896 1646 949 musto
1703 894 2017 964 appellant,
2073 894 2222 948 unde

195 1001 493 1056 Afranius:
542 1002 647 1054 ad’
698 1018 743 1056 e.
783 1018 834 1068 q.
877 1019 918 1055 s.
991 968 1339 1070 (bibiones,
1397 1018 1669 1070 suprascr.
1708 1000 1729 1053 i
1775 1019 1848 1055 m.
1889 1007 1944 1070 2,
2001 1000 2219 1055 Monac.

195 1071 592 1126 musciones
628 1071 911 1126 Wolfenb.
950 1072 1122 1142 Mon)
1195 1073 1514 1153 Thesaurus
1560 1089 1686 1126 nov.
1725 1072 1849 1126 Lat.
1895 1072 1955 1125 in
2001 1075 2065 1126 A.
2105 1071 2222 1125 Mai

197 1146 349 1197 auct.
381 1142 546 1197 class.
575 1143 706 1196 VIII
744 1150 809 1197 67
853 1143 974 1197 ‘hic
1020 1143 1181 1213 bibo,
1229 1143 1318 1196 nis
1359 1143 1445 1195 ·i·
1491 1143 1590 1197 ille
1637 1142 1734 1211 qui
1779 1143 2020 1196 multum
2054 1142 2221 1211 bibit,

196 1218 255 1267 et
312 1214 458 1283 p.lur
507 1213 822 1284 bibones,
879 1232 975 1267 um
1028 1214 1119 1267 ·i·
1169 1187 1470 1269 uermiculi
1523 1214 1718 1267 uinum
1775 1216 2221 1283 supernatantes,

195 1285 349 1338 unde
395 1285 690 1340 Afranius·
738 1259 864 1338 cuin
910 1286 982 1339 ad
1027 1286 1147 1339 me’
1189 1302 1233 1340 e.
1267 1303 1319 1353 q.
1352 1304 1392 1340 s.
1468 1284 1709 1354 (ibidem
1753 1304 1808 1366 p.
1840 1291 1904 1338 77
1954 1284 2219 1339 ‘bibones

196 1356 295 1423 qui
341 1355 583 1410 multum
629 1356 894 1438 bibunt.
985 1356 1332 1426 bibiones,
1378 1355 1672 1409 uermiculi
1714 1355 1812 1423 qui
1854 1359 2222 1425 supernatant

196 1427 445 1497 uinum')
528 1426 607 1481 cf.
646 1427 771 1497 Vop
772 1427 871 1483 isc.
914 1401 1042 1481 XXI
1098 1428 1363 1483 Consobr.
1401 1428 1454 1481 H
1506 1426 1803 1481 Menandri
1852 1427 2097 1496 Θεττάλη
2142 1427 2221 1480 III

197 1498 283 1566 (fr.
317 1505 421 1553 229
450 1498 564 1568 K.:)
610 1447 776 1567 ὄζεις,
815 1498 1076 1568 ἱερόσυλζ
1113 1499 1269 1554 οἴνου
1305 1499 1465 1553 πολύ.

344 1602 371 1648 1
413 1613 540 1649 cum
579 1596 653 1649 ad
688 1596 818 1650 med
855 1596 1073 1666 expiras
1113 1600 1171 1650 et
1215 1598 1415 1666 scripsi
1458 1612 1585 1648 cum
1622 1595 1694 1649 ad
1735 1610 1825 1649 me
1863 1596 2124 1664 expectas
2162 1597 2221 1650 et

197 1667 412 1722 Isidori
443 1667 667 1722 Monac.
708 1684 834 1721 cum
872 1684 906 1721 a
940 1684 1029 1722 me
1067 1672 1330 1737 expectas
1369 1671 1427 1721 et
1462 1668 1726 1735 Wolfenb.
1767 1683 1893 1719 cum
1931 1683 1964 1719 a
2000 1682 2089 1720 me
2127 1681 2219 1719 ex-

196 1741 391 1806 pectas
438 1741 525 1792 set
564 1738 818 1794 German.
867 1755 994 1791 cum
1039 1741 1392 1808 expectasset
1428 1756 1462 1792 a
1497 1753 1587 1791 me
1625 1738 1757 1793 Par.
1789 1743 1960 1791 10291
2001 1739 2221 1808 (quibus

197 1811 284 1864 hic
311 1810 447 1864 ordo
484 1826 612 1862 cum
639 1808 860 1878 expiras
889 1810 962 1863 ad
999 1811 1129 1864 med
1167 1813 1225 1864 et
1260 1812 1524 1879 traditum)
1563 1825 1689 1862 cum
1717 1809 1791 1863 ad
1817 1825 1907 1863 me
1937 1812 2216 1878 expectas,

198 1896 297 1933 om.
338 1882 421 1948 et,
468 1882 755 1936 thaesawrws
791 1880 864 1935 ad
905 1896 994 1934 me
1031 1899 1158 1935 cum
1195 1884 1416 1950 spectas
1454 1883 1513 1935 et
1552 1880 1806 1936 Grialius
1945 1880 2219 1937 fabellare.

195 1953 394 2021 scripsi
430 1951 686 2007 fabolare
716 1953 927 2008 Isidori
953 1953 1216 2022 Wolfenb.
1248 1953 1471 2008 Monac.
1511 1951 1765 2007 fabulare
1804 1972 1847 2033 φ
1885 1951 2074 2020 eloqui
2110 1953 2218 2007 the-

196 2040 399 2078 sawrus
426 2023 783 2105 fabularique
809 2024 1060 2080 Grialius
1183 2023 1398 2093 incepis
1422 2024 1677 2079 German.
1708 2023 1920 2092 incipes
1949 2025 2214 2091 Wolfenb.

200 2094 422 2150 Monac.
443 2094 666 2175 ‘incipis
697 2095 849 2163 Par„
887 2112 986 2149 om
1015 2098 1303 2151 thesaurus
1446 2101 1478 2149 2
1515 2094 1594 2147 1ιι1
1632 2094 1809 2149 oculis
1845 2094 1931 2148 tui
1969 2096 2070 2165 (vel
2096 2097 2217 2163 tuo)

198 2167 395 2235 scripsi
436 2164 499 2219 in
542 2165 723 2247 oculis
760 2165 956 2237 (ocolis
994 2168 1280 2236 Wolfenb)
1326 2165 1441 2220 tuis
1479 2169 1566 2236 (m.
1598 2172 1629 2219 2
1667 2183 1939 2235 swprascr
1969 2166 2217 2235 Monac.)

199 2237 406 2292 Isidori
447 2258 490 2291 ω
537 2236 597 2289 1ιι
643 2236 832 2291 oculos
878 2239 1006 2292 tuos
1051 2239 1337 2293 thssawrus
1381 2237 1441 2290 in
1488 2236 1677 2291 oculos
1724 2238 1823 2290 tuo
1869 2238 2213 2292 coniecerant.

203 2308 282 2375 Cf.
321 2309 506 2363 coroll.
545 2307 822 2363 LXXVIII
998 2308 1281 2379 bibiones,
1330 2308 1351 2361 i
1390 2316 1530 2378 post.
1569 2325 1730 2376 eras,
1778 2307 2028 2376 Monac„
2075 2308 2218 2362 alud

198 2380 426 2445 fortasse
461 2380 662 2434 rectius

1161 2476 1249 2534 IV

1365 2560 1664 2623 ux6rium
1710 2558 1883 2623 istud
1928 2558 2214 2622 toxicum

202 2645 425 2711 Mittas

336 2751 537 2804 Festus
575 2769 628 2819 p.
659 2756 763 2805 355
801 2752 875 2806 M.
918 2751 1248 2806 ‘toxicum
1294 2750 1502 2805 dicitur
1547 2767 1713 2805 cerua
1738 2769 1883 2804 num
1918 2766 2213 2832 uenenurn,

204 2822 331 2893 quo]
383 2821 617 2890 quidam
669 2839 976 2893 perungere
1033 2823 1296 2895 sagitta[s
1353 2822 1516 2904 soliti·
1562 2750 1782 2903 sunt}
1826 2821 2099 2875 Caecilius
2154 2821 2214 2874 in

206 2892 375 2947 Gamo
413 2925 484 2933 —
521 2924 591 2933 —
628 2893 792 2947 Afra
831 2937 1284 2950 ...........
1324 2893 1634 2947 uxorium
1679 2893 1867 2947 istud
1912 2892 2215 2947 toxicum

202 2963 367 3018 mit.
402 2965 481 3018 ..⁹
560 2963 939 3033 (Affranius
987 2965 1297 3019 uxorium
1343 2965 1531 3018 istud
1575 2965 1876 3019 toxicum
1912 2981 2015 3018 nec
2052 2963 2214 3032 quid-

206 3052 366 3101 quam
401 3008 695 3104 praeterea
730 3036 944 3091 Vaticc.
981 3037 1101 3107 RS)
1174 3036 1253 3091 Cf.
1283 3035 1506 3105 Vopisc.
1537 3035 1653 3090 XX.

339 3140 369 3186 2
406 3133 574 3187 mites
612 3133 830 3205 <habes
863 3134 871 3206 Ι
902 3134 1125 3207 mores>
1157 3150 1316 3206 prop.
1348 3135 1474 3189 Bue

1175 3284 1231 3341 V

208 3383 341 3449 Heu
378 3408 480 3450 me
517 3387 848 3450 miserum!
890 3424 972 3432 —
1010 3385 1183 3449 Dum
1220 3385 1411 3449 modo
1450 3385 1664 3449 doleat
1699 3385 1960 3471 aliquid,
2002 3386 2214 3451 doleat

1366 3490 1521 3575 quid
1567 3491 1763 3557 lubet.

1788 3601 1853 3648 17
1867 3596 1893 3625 *
