2610 4007
373 154 460 219 32
1154 150 1266 206 CN.
1303 150 1624 207 NAEVIVS

373 313 614 369 eundem
660 311 835 366 fuisse
882 309 1213 379 accepimus.
1287 310 1625 366 Naeuius:
1672 327 1863 378 cocus,
1911 309 2122 379 inquit,
2170 310 2289 365 edit
2327 311 2404 367 N.

372 385 650 440 Venerem
684 381 955 438 Cererem.
1031 380 1314 451 significat
1348 398 1449 451 per
1484 381 1739 436 Cererem
1773 396 2002 451 panem,
2045 397 2148 451 per
2182 381 2409 452 Neptu-

373 473 510 509 num
534 454 737 524 pisces‚
774 470 875 524 per
900 452 1176 507 Venerem
1201 452 1437 508 holera.’
1523 453 1686 508 Thes.
1715 469 1843 507 nov.
1873 452 1997 507 Lat.
2028 452 2064 506 1.
2085 453 2122 507 1.
2143 452 2274 507 VIII
2295 459 2403 507 131

377 528 459 582 ‘et
508 526 822 581 notandum
877 523 1029 593 quod
1083 540 1339 592 coquus
1395 526 1453 579 et
1504 523 1686 594 pistor
1739 523 1890 578 idem
1936 522 2086 593 apud
2132 523 2405 593 antiquos

375 597 734 665 dicebantur,
772 595 919 650 unde
955 594 1241 650 Ennius:
1282 612 1493 664 coquus
1523 639 1536 651 .
1561 639 1572 650 .
1597 639 1608 650 .
1636 594 1950 650 Venerem.’

519 710 547 757 1
569 722 596 760 s
631 722 678 774 q.
713 704 910 758 Versus
934 703 1218 758 constituit
1234 701 1542 773 Landyrat'
1557 703 1623 756 in
1649 701 1961 769 Woelfflini
1976 702 2124 776 arch.
2140 707 2191 770 9,
2208 708 2310 756 172
2321 719 2402 773 sq.

519 781 547 828 1
641 789 866 828 enerem
904 772 1158 828 Cererem
1195 774 1413 829 Paulus
1554 778 1587 826 2
1625 775 1855 842 experta
1885 772 2094 829 Oassffn.
2204 772 2408 827 uulca-

374 863 511 900 num
551 845 762 901 Cassia.
802 842 1043 898 uulcano
1073 846 1213 913 Vat„
1244 846 1492 913 praefert
1527 844 1652 899 Rue
1786 849 1819 897 3
1855 843 2069 914 pariter
2104 843 2405 899 obsorbuit

379 918 588 975 cmm
626 934 682 986 p.
712 914 1005 970 absorbuit
1044 916 1165 971 Vat.

1331 1012 1444 1071 XV

379 1166 393 1180 .
441 1166 455 1179 .
500 1113 810 1199 petimine
854 1114 1119 1198 porcino
1168 1114 1281 1198 qui
1326 1114 1646 1179 meruerat

517 1233 717 1288 Festus
745 1251 798 1303 p.
824 1240 927 1289 209
947 1235 1020 1290 Μ.
1055 1233 1424 1305 ‘petimina
1460 1235 1521 1289 in
1557 1233 1762 1289 umeris
1798 1234 2173 1290 iumentorum
2208 1234 2406 1290 ulcera

379 1338 446 1346 —
485 1321 552 1360 eo
598 1304 824 1360 nomine
871 1309 1062 1360 autem
1108 1308 1166 1360 et
1209 1305 1359 1361 inter
1402 1306 1543 1360 duos
1590 1322 1774 1360 armos
1823 1305 1937 1360 suis
1983 1307 2136 1374 quod
2175 1308 2263 1361 est
2301 1310 2407 1361 aut

379 1378 576 1446 pectus
621 1377 885 1458 (‘nectos’
936 1377 1081 1447 cod.)
1130 1394 1166 1431 a
1205 1376 1408 1446 pellari
1465 1376 1695 1432 solitum
1746 1380 1992 1432 testatur
2033 1377 2284 1432 Naeuius
2341 1377 2407 1433 in

381 1447 757 1518 descriptione
795 1448 997 1503 suillae
1033 1448 1106 1518 (‘s
1228 1449 1280 1503 e’
1322 1448 1467 1518 cod.)
1502 1464 1671 1517 quom
1709 1447 1816 1504 ait:
1860 1448 2152 1518 petimine’
2194 1465 2240 1503 e.
2269 1466 2325 1517 q.
2357 1466 2402 1504 s.

561 1555 750 1610 orcino
789 1556 1160 1625 Dalecampus
1194 1557 1258 1610 im
1294 1556 1445 1610 le.
1483 1573 1538 1610 n.
1566 1556 1618 1610 h.
1647 1555 1699 1609 Π
1718 1560 1785 1609 37
1825 1554 2044 1625 piscino
2080 1557 2193 1611 cod.
2304 1554 2404 1610 An

378 1625 480 1695 qui
565 1625 758 1682 ’ceno?
799 1629 888 1697 (cf.
920 1627 1212 1683 Martialis
1231 1625 1363 1680 XIII
1380 1630 1448 1679 35
1484 1625 1603 1680 filia
1638 1625 1878 1681 Picenae
1914 1625 2081 1682 uenio
2117 1626 2403 1681 Lucanica

378 1700 602 1767 porcae)
709 1700 1016 1754 meruerat:
1054 1700 1123 1766 cf.
1161 1698 1344 1754 coroll.
1373 1696 1502 1751 XIX

378 1912 599 1996 penita
643 1913 770 1977 offa
1319 1830 1460 1888 XVI

522 2034 720 2089 Festus
758 2053 812 2105 p.
845 2041 948 2090 242
976 2035 1051 2091 Μ.
1094 2035 1429 2107 ‘penitam
1476 2035 1688 2090 offam
1722 2034 1973 2090 Naeuius
2012 2034 2263 2106 appellat
2298 2035 2403 2088 ab·

383 2121 612 2186 segmen
659 2106 843 2160 carnis
891 2124 1018 2161 cum
1063 2108 1229 2162 coda:
1278 2106 1500 2176 antiqui
1542 2110 1734 2161 autem
1777 2105 1947 2161 offam
1981 2105 2266 2161 uocabant
2300 2105 2404 2159 ab-

383 2193 590 2230 scisum
624 2177 784 2248 globi
819 2177 1017 2246 forma,
1060 2180 1126 2233 ut
1160 2195 1333 2232 manu
1368 2178 1739 2248 glomeratam
1773 2176 2028 2259 pultem?
2103 2177 2257 2232 Idem
2292 2181 2403 2230 230

387 2247 609 2318 ‘penem
646 2247 868 2317 antiqui
895 2248 1095 2304 codam
1121 2249 1420 2304 uocabant.
1479 2267 1513 2303 a
1541 2266 1653 2317 qua
1682 2247 2023 2317 antiquitate
2052 2247 2225 2303 etiam
2249 2264 2402 2302 nunc

383 2317 497 2373 offa
531 2319 764 2388 porcina
801 2337 928 2375 cum
966 2320 1148 2375 cauda
1182 2319 1244 2375 in
1279 2319 1432 2375 cenis
1468 2319 1622 2390 puris
1662 2319 1806 2374 offa
1840 2319 2082 2389 penita
2118 2320 2398 2374 uocatur.’

383 2388 464 2444 Of.
502 2389 781 2446 Arnobius
823 2392 947 2446 adv.
985 2393 1137 2461 gent.
1168 2391 1271 2446 VII
1299 2397 1392 2461 24,
1423 2397 1541 2446 230.

1307 2541 1362 2598 Χ

279 2656 381 2706 123
400 2640 650 2706 Merula
693 2641 917 2726 (mea)
962 2541 1554 2706 sandsmcinovge!

523 2762 722 2817 Festus
758 2781 814 2845 p.
845 2768 950 2817 325
978 2762 1052 2817 M.
1093 2761 1573 2816 ‘sanderacam
1620 2761 1737 2843 [ait
1770 2777 1891 2817 esse
1935 2777 2111 2832 genus
2156 2762 2402 2836 coloris,]

386 2834 538 2915 quod
576 2833 775 2889 Graeci
815 2833 1142 2905 sa[ndycem
1171 2833 1503 2957 apffllant]
1558 2832 1834 2889 Naemus=
1869 2833 2109 2905 meru[la
2137 2833 2404 2915 sandera-

384 2921 511 2959 cmo
550 2906 709 2977 ore.]’
786 2904 994 2959 Paulus
1030 2922 1082 2974 p.
1115 2909 1220 2958 324
1312 2948 1323 2959 .
1366 2903 1776 2959 ‘sandaraca
1812 2919 1989 2975 genus
2025 2903 2265 2959 colons?

524 3045 650 3083 mea
679 3031 842 3084 metri
867 3030 1125 3097 explendi
1148 3044 1322 3084 causa
1346 3029 1580 3084 inserui:
1617 3030 1697 3085 sic
1723 3029 1970 3085 blamdiri
1996 3030 2213 3099 puellae
2250 3047 2402 3086 ama·

382 3106 469 3156 tor
496 3101 682 3169 potuit
793 3098 1164 3154 sandaracino
1203 3099 1419 3155 Paulus

1290 3249 1497 3309 XVIII

1656 3333 1851 3398 bilbit
1896 3332 2203 3418 amphora

526 3453 689 3508 Pauli
726 3453 926 3509 Festus
963 3472 1018 3524 p.
1048 3460 1117 3508 34
1144 3455 1217 3509 M.
1269 3453 1518 3509 ‘bilbit
1561 3454 1775 3510 factum
1820 3457 1908 3510 est
1953 3471 1988 3508 a
2034 3453 2406 3510 similitudine

387 3524 628 3594 sonitus,
677 3524 775 3592 qui
823 3526 888 3579 fit
931 3525 992 3580 in
1037 3542 1187 3581 uase.
1261 3525 1514 3580 Naeuius
1559 3524 1776 3580 bilbit
1817 3525 2139 3595 amphora
2174 3525 2403 3594 inquit.'
