2610 4007
380 165 505 227 172
1117 192 1124 199 ·
1230 165 1544 220 TITIMVS

780 332 1177 393 PSALTRIA
1223 335 1348 394 sive
1394 335 1986 395 FERENTINATIS

519 448 600 503 cf.
637 448 702 504 fr.
741 449 818 504 iv
852 450 893 504 1.
967 423 1059 504 De'
1090 450 1388 520 compositi
1432 450 1841 505 Ferentinae
1877 451 2188 512 Psaltria
2222 451 2406 521 tituli,

375 534 542 587 quem
568 519 794 574 Wasius
832 523 891 575 et
925 520 1063 575 bibl.
1091 521 1214 575 Lat.
1243 522 1322 575 ΠΙ
1349 527 1454 576 240
1481 521 1771 576 Fabricius
1801 525 2139 593 statuerunt,
2176 522 2408 577 ratione

375 590 444 645 cf.
481 590 823 646 Bitschelius
859 591 1084 661 Parerg.
1121 592 1147 645 I
1187 597 1305 648 165.

1365 718 1399 783 I

270 840 339 888 85
375 823 806 890 Ferentinatis
849 826 1128 910 p6pulus
1172 848 1274 891 res
1322 824 1594 892 Graecas
1638 827 1870 893 studet.

518 945 838 1000 Priscianus
892 965 946 1015 p.
986 952 1090 1001 629
1135 945 1195 1001 P.
1257 947 1524 1001 ‘Titinius
1577 948 1639 1002 in
1690 948 1962 1005 Psaltria2
2016 949 2403 1005 Ferentinatis

378 1033 424 1071 e.
465 1034 517 1084 q.
559 1034 600 1074 s,
678 1017 799 1086 ‘pro
837 1016 1205 1073 Ferentinae?
1280 1036 1335 1088 p.
1376 1025 1479 1074 Ἰ[62
1515 1019 1576 1074 Ρ.
1619 1020 1900 1089 ‘Arpinas‚
1937 1020 2173 1077 Ardeas.
2249 1022 2404 1090 quod

378 1090 568 1142 autem
610 1104 711 1157 per
757 1105 1060 1159 syncopam
1104 1090 1244 1144 haec
1287 1090 1669 1159 proferuntur,
1716 1090 2230 1147 uetustissimorum
2264 1110 2403 1147 usus

377 1159 708 1228 comprobat
744 1203 757 1214 .
790 1204 801 1216 .
833 1204 846 1216 .
879 1204 891 1215 .
930 1160 1174 1215 Titinius
1210 1160 1270 1215 in
1305 1161 1576 1218 Psaltria:
1612 1161 2013 1216 Ferentinatis’
2054 1179 2101 1219 e.
2142 1182 2196 1232 q.
2237 1182 2280 1219 s,

518 1282 722 1335 graeca
756 1287 800 1321 ω
831 1284 891 1337 p.
921 1272 1025 1321 629
1062 1274 1113 1322 et
1147 1267 1328 1338 Bony.
1359 1285 1418 1337 p.
1460 1274 1580 1323 762.

1354 1435 1419 1495 Π
1706 1484 1712 1488 .

270 1550 407 1603 8617
428 1536 659 1602 Manus
703 1537 921 1622 lauite,
966 1536 1287 1622 muliere's,
1333 1540 1399 1601 et
1443 1536 1655 1621 capita
1697 1537 1937 1603 uelate!
1983 1588 2003 1604 .
2048 1590 2063 1605 .
2111 1591 2125 1605 .
2177 1592 2192 1605 .
2239 1592 2261 1606 .

515 1657 734 1713 Nonius
771 1664 892 1728 504,
931 1663 997 1711 21
1041 1657 1195 1712 ‘inde
1231 1657 1569 1728 imperatiuo
1606 1658 1774 1713 modo
1811 1658 2035 1715 lauite
2070 1660 2229 1717 facit.
2306 1661 2398 1715 Ti-

375 1729 553 1783 tinius
588 1728 860 1784 Psaltria:
897 1730 1118 1782 manus’
1159 1745 1205 1783 e.
1246 1747 1298 1797 q.
1341 1747 1382 1784 s,

517 1834 712 1890 ,Malui
755 1837 1098 1890 octonarium
1140 1836 1434 1890 iambicwm
1469 1837 1793 1892 continuare
1827 1854 1994 1907 quam
2029 1839 2300 1895 dissecare
2334 1845 2397 1894 ut

374 1907 505 1961 olim
531 1907 766 1960 duorum
789 1923 1039 1961 verswwm
1064 1907 1249 1973 frusta
1274 1922 1474 1960 manus
1493 1906 1549 1976 1.,
1577 1906 1855 1976 mulieres,
1882 1907 1957 1961 Et
1976 1909 2169 1979 capita
2187 1909 2394 1964 uelate.

480 1993 679 2031 manus
714 1975 918 2031 Lauite
954 1976 1314 2033 Hei-marmus
1495 1976 1756 2033 mulieres
1794 1979 1883 2034 ΗἸ
1917 1979 2169 2035 mulieris
2208 2001 2252 2052 φ

373 2047 564 2117 capita
602 2049 668 2102 H
672 2048 689 2079 ¹
726 2047 912 2118 capite
948 2069 992 2119 φ

377 2316 425 2382 C
567 2318 589 2336 t
1335 2144 1430 2203 m
1541 2229 1852 2316 grauique
1899 2230 2172 2296 obs6nio

429 2339 700 2382 onuluas

515 2439 732 2494 Nonius
769 2445 890 2509 314,
932 2445 998 2493 16
1039 2439 1282 2508 ‘graue
1319 2438 1576 2507 multum,
1612 2437 1783 2492 ualde
1821 2439 2140 2509 significare
2177 2444 2396 2496 ueteres

372 2511 632 2580 probant.
706 2511 951 2567 Titinius
986 2509 1260 2565 Psaltria:
1294 2510 1569 2580 grauique
1606 2525 1657 2564 o.
1695 2511 1763 2564 c.’

520 2624 546 2671 1
577 2634 651 2688 sq.
691 2616 981 2671 conuiuias
1020 2617 1108 2671 Ηι
1145 2616 1405 2670 conurias
1441 2616 1498 2670 B
1511 2615 1650 2672 61³¹
1790 2617 1889 2671 An
1922 2620 2226 2686 septenarii
2259 2620 2396 2673 iam-
2437 2644 2443 2678 ι

378 2691 486 2749 bici
521 2691 701 2744 exitus
735 2695 813 2744 est
847 2688 1121 2758 grauique
1160 2687 1397 2742 obs6nio
1433 2688 1740 2742 conuiuas?

1342 2854 1431 2915 IV

269 2974 339 3022 90
378 3009 392 3023 .
440 3010 454 3022 .
501 2957 894 3043 saniculam,
939 2956 1351 3041 cerebellum,
1395 2954 1582 3019 lactis
1627 2955 1894 3042 agninas
1939 3007 1954 3020 .
2001 3006 2017 3021 .

514 3079 834 3133 Priscianus
870 3096 924 3149 p.
955 3083 1059 3133 686
1086 3079 1148 3133 Ρ.
1180 3079 1311 3131 ‘hac
1347 3076 1569 3131 lactes
1605 3078 1794 3146 partes
1833 3079 1966 3131 sunt
1999 3077 2395 3134 intestinorum

375 3196 387 3206 .
420 3197 432 3206 .
463 3195 475 3207 .
516 3150 674 3205 cuius
722 3150 767 3204 s‘
888 3150 1006 3204 lare
1051 3150 1218 3203 haec
1265 3147 1479 3203 lactis
1523 3149 1626 3202 est.
1700 3146 1944 3202 Titinius
1980 3147 2041 3202 in
2082 3150 2393 3205 Ferenti·

371 3222 546 3278 nati:
602 3221 771 3276 fartic
834 3221 890 3275 a’
932 3237 978 3275 e.
1017 3238 1070 3288 q.
1111 3237 1152 3274 s.
1226 3219 1318 3290 (in
1371 3217 1784 3273 ferentinati
1839 3218 1899 3273 in
1953 3218 2126 3274 litura
2176 3221 2395 3290 Bamb.)

371 3293 590 3348 Nonius
628 3298 749 3362 331,
780 3298 848 3347 26
890 3291 1139 3345 ‘lactes
1178 3290 1444 3345 dicuntur
1476 3289 1766 3344 intestina.
1840 3289 2085 3344 Titinius
2120 3291 2392 3346 Psaltria:

370 3363 659 3419 farticula’
701 3380 748 3419 e.
787 3381 840 3432 q.
879 3380 920 3418 s,

513 3468 836 3522 farticulam
864 3469 1069 3524 conieci
1095 3469 1240 3536 (fort.
1343 3466 1558 3520 llinam.
1595 3466 1694 3521 An
1718 3467 2044 3522 farticulum
2055 3471 2102 3538 ?)
2128 3468 2392 3524 fcrticula

373 3539 426 3591 L
464 3537 731 3592 farticula
767 3559 811 3608 φ
849 3540 1028 3594 Nonii
1062 3537 1284 3607 graticu
1311 3553 1345 3590 a
1378 3536 1593 3591 Amien.
1617 3537 1783 3609 Sany.
1806 3538 2002 3593 Bamb.
2024 3539 2207 3610 Bonq.
2233 3541 2388 3597 Grut.
