2610 4007
380 185 503 248 196
1152 184 1212 238 L.
1251 184 1578 238 AFRANIV
1582 185 1617 238 S

1341 353 1434 410 ΠΙ

372 453 511 519 Hac
556 454 804 540 haeret,
860 457 926 518 at
979 414 1153 517 liaud
1207 454 1449 517 clamor
1497 455 1728 540 oritur,
1789 457 1899 519 sed
1945 455 2245 540 spiritum
2294 460 2419 523 fir-

1650 561 1841 625 miter
1886 561 2086 626 infiat.

513 681 730 736 Nonius
762 687 882 748 512,
913 686 978 733 22
1013 679 1346 734 ‘firmiter
1380 698 1481 750 pro
1519 681 1673 736 firme
1715 726 1725 735 .
1760 727 1769 736 .
1804 727 1812 736 .
1845 682 2109 738 Afranius
2138 686 2409 756 Augure:

370 754 477 808 hoc
514 754 694 807 heret’
736 768 782 805 e.
820 769 872 819 q.
914 768 955 805 s.

512 861 856 928 ,anapaestos
892 862 1116 929 aqnovit
1152 860 1522 914 Neukirchius
1696 860 1803 914 hac
1840 863 2038 929 scripsi
2072 862 2177 915 hoc
2214 884 2258 917 ω
2298 864 2407 919 hic

369 933 739 988 Ncukirchius
918 933 980 983 at
1024 930 1177 983 haud
1222 932 1419 999 scripsi
1464 933 1529 983 ut
1574 930 1728 984 haud
1774 932 1868 986 Ba
1913 936 1978 985 ut
2023 937 2125 987 aut
2168 955 2211 1003 φ
2258 939 2408 991 usur,

369 1006 436 1058 N
431 1004 738 1058 eukirchius
916 1000 1133 1081 spiritu'
1173 1002 1543 1055 Neukirchius
1704 1001 1865 1055 inflat
1901 1006 2099 1072 scripsi
2131 1003 2318 1061 instat
2356 1029 2407 1061 ω

474 1075 583 1127 hoc
618 1073 671 1126 h.
711 1071 795 1125 ita
831 1075 946 1127 ut
1007 1114 1017 1126 .
1056 1071 1235 1125 instat
1273 1074 1344 1140 (h.
1375 1090 1416 1125 e.
1455 1081 1610 1144 αγρεε
1646 1080 1710 1128 ut
1745 1076 2078 1145 intercipiat)
2114 1076 2239 1131 Bue

1337 1205 1425 1263 IV

369 1308 538 1385 Quid
581 1306 841 1391 prodest
886 1306 1052 1369 istuc
1097 1308 1163 1369 te
1208 1306 1525 1370 blaterare
1572 1309 1763 1390 atque
1812 1307 2121 1391 obloqui?

505 1428 723 1484 Nonius
765 1433 847 1496 78,
887 1433 951 1480 32
996 1427 1405 1496 ‘blaterare‚
1446 1427 1761 1497 confingere
1796 1444 1897 1497 per
1931 1430 2268 1486 mendacia.’

503 1536 733 1605 prodest
771 1534 950 1588 ΓΒΗι
987 1536 1074 1587 est
1110 1555 1153 1603 φ
1300 1531 1553 1601 oblioqui
1592 1534 1660 1586 H
1662 1534 1679 1565 ¹
1716 1534 1934 1603 obliqui
1975 1537 2119 1591 F1L

1346 1665 1402 1722 V

360 1770 595 1834 Voltus
642 1771 737 1832 est
782 1768 997 1832 fallaci
1042 1770 1303 1851 aspectu
1349 1767 1560 1851 paries
1603 1768 1817 1852 pictus
1862 1770 2141 1854 putidus.

500 1888 717 1943 Nonius
759 1895 884 1958 152,
924 1895 991 1943 28
1042 1887 1410 1958 ‘putidum‚
1456 1891 1619 1957 putre
1663 1933 1668 1942 .
1704 1934 1715 1944 .
1749 1934 1759 1944 .
1796 1934 1805 1943 .
1845 1890 2108 1945 Afranius
2155 1894 2389 1964 Augu-

358 1961 524 2017 rius:
565 1961 641 2015 et'
684 1976 728 2017 e.
769 1977 820 2028 q.
862 1978 903 2014 s,
1085 1959 1498 2031 (Auguribus
1537 1960 1836 2017 Bentinus:
1876 1962 1945 2017 cf.
1983 1963 2174 2021 coroll.
2211 1965 2386 2037 LXV)

500 2068 688 2122 uoltus
734 2069 816 2123 vel
861 2084 1059 2136 corpus
1105 2069 1187 2122 vel
1229 2066 1403 2121 facies
1450 2069 1511 2121 in
1556 2069 1710 2122 tituli
1745 2071 1991 2140 corrupti
2026 2074 2178 2126 exitu
2215 2074 2385 2128 latere

357 2143 561 2196 conieci
594 2139 739 2192 risus
769 2146 991 2208 praeter
1026 2140 1144 2193 alia
1179 2139 1303 2192 Bue
1414 2141 1501 2192 est
1535 2140 1731 2208 scripsi
1769 2142 1826 2193 et
1863 2162 1904 2194 ω
2012 2145 2202 2210 partes
2235 2144 2386 2198 F¹L

355 2212 566 2283 parties
605 2212 666 2265 E
798 2209 980 2279 pictas
1020 2210 1100 2262 F²
1241 2208 1456 2278 putidis
1495 2209 1563 2263 H
1567 2209 1584 2240 ¹
1617 2209 1831 2279 pitidus
1872 2212 1953 2265 F¹

1079 2359 1634 2418 BRVNDISINAE

493 2479 748 2532 Donatus
788 2477 857 2530 de
895 2474 1142 2529 comoed.
1186 2475 1457 2528 ‘omnium
1495 2479 1684 2530 autem
1722 2477 2136 2532 comoediarum
2165 2479 2382 2549 scripta

354 2568 422 2606 ex
458 2553 725 2619 quattuor
760 2548 927 2601 rebus
958 2545 1182 2600 ommno
1214 2550 1522 2616 sumuntur,
1552 2547 1778 2602 nomine
1807 2548 1932 2603 loco
1961 2549 2112 2604 facto
2142 2555 2381 2608 euentu:

352 2621 592 2689 nomine,
631 2623 695 2672 ut
729 2617 992 2672 Phormio
1030 2618 1248 2686 Hecyra
1279 2617 1535 2671 Curculio
1565 2618 1849 2688 Epidicus,
1889 2619 2029 2689 loco,
2069 2624 2133 2674 ut
2160 2622 2378 2677 Andria

351 2665 636 2747 Leucadia
671 2687 1139 2743 Brundusina'
1182 2705 1227 2742 e.
1258 2706 1310 2756 q.
1343 2706 1383 2743 S.
1450 2689 1611 2743 Vnde
1647 2665 2109 2759 proficiscendum
2145 2692 2206 2745 in
2243 2710 2378 2747 con·

353 2763 639 2818 stituenda
675 2759 1040 2829 inscriptione
1078 2762 1232 2813 ratus
1269 2759 1644 2813 Neukirchius
1675 2764 1887 2815 ceteros
1919 2767 2177 2818 auctores
2206 2764 2379 2818 nihili

350 2834 568 2890 habuit.
1349 2910 1379 2968 I

247 3039 314 3087 15
356 3015 512 3091 Quis
560 3015 692 3079 tam
741 3013 955 3100 sagaci
1001 3010 1189 3075 corde
1237 3013 1430 3093 atque
1476 3010 1735 3095 ingenio
1782 3013 1972 3078 unico
2022 3015 2150 3079 —?

490 3137 689 3190 Festus
725 3154 779 3204 p.
811 3139 910 3186 321
951 3132 1024 3185 Μ.
1068 3133 1382 3200 ‘sagaces
1422 3131 1780 3200 appellantur
1814 3133 1981 3188 multi
2019 3153 2084 3190 ac
2122 3136 2373 3194 sollertis

350 3207 639 3264 acuminis,
713 3203 977 3260 Afranius
1014 3202 1074 3256 in
1109 3202 1558 3256 Brundisina·
1597 3203 1744 3270 quis’
1787 3221 1832 3258 e.
1872 3223 1924 3274 q.
1965 3224 2005 3262 s.

1330 3335 1392 3392 Π

347 3441 686 3527 'Equidem
741 3460 910 3503 nunc
964 3436 1257 3522 resipiui‚
1312 3440 1654 3521 postquam
1708 3439 1930 3521 pectus
1977 3445 2073 3505 est
2118 3442 2371 3509 laetitia

1622 3548 1938 3610 onustum.
