2610 4007
370 168 500 232 284
855 170 915 224 L.
954 169 1376 226 POMPONIVS
1414 169 1902 225 BONONIENSIS

1344 338 1408 397 II

267 454 331 502 73
373 436 534 502 Cum
581 438 1036 504 contubernale
1081 440 1395 525 pugnaui,
1446 441 1598 524 quia
1642 441 1850 505 meam
1898 462 2120 505 cenam
2167 491 2182 505 .
2231 490 2247 505 .
2293 491 2310 505 .

513 559 797 614 Charisius
842 578 898 629 p.
929 566 996 614 99
1035 560 1095 614 Ρ.
1139 541 1661 615 ‘contubernale
1706 561 2048 632 Pomponius
2095 561 2156 615 in
2202 562 2412 616 Macco

370 629 578 688 milite:
617 648 745 685 cum
780 647 846 700 c.,
883 630 1084 701 inquit,
1122 631 1393 702 pugnaui,
1431 632 1566 701 quia
1601 651 1675 687 m.
1714 634 1783 689 c.’

514 737 867 807 septenarius
899 738 985 792 vel
1019 739 1286 794 iambicus
1321 740 1406 794 vel
1440 741 1826 809 anapaesticus
1995 739 2410 794 contubernale

370 809 486 864 cod.
534 810 679 878 quod
732 807 1156 863 contubernalei
1207 812 1338 865 olim
1386 813 1775 881 interpretatus
1822 829 1996 881 eram,
2051 818 2114 866 at
2169 810 2407 865 annalei

370 880 515 934 idem
551 880 839 934 Romanus
865 897 924 949 p.
956 885 1023 934 97
1059 889 1343 950 memorat,
1390 883 1652 937 disertum
1696 888 1877 938 autem
1922 885 1987 938 de
2031 884 2208 937 vocali
2252 883 2409 937 testi—

373 952 616 1005 moniwm
651 951 793 1005 deest
828 957 1055 1020 utroque
1092 953 1230 1021 loco,
1277 970 1376 1008 nec
1412 954 1628 1008 decerni
1655 960 1833 1023 potest
1868 955 2101 1009 ablativi
2137 955 2410 1008 termina-

371 1023 571 1076 tiomm
595 1028 785 1089 utrum
821 1022 1038 1105 longam
1064 1040 1143 1077 an
1169 1025 1374 1078 brevem
1405 1025 1595 1079 haberi
1617 1026 1853 1080 voluerit
1879 1031 2060 1095 poeta.
2099 1024 2409 1078 contuber-

372 1090 503 1146 nale
541 1108 645 1161 ego
683 1092 922 1147 Bothius
955 1111 1021 1148 in
1054 1096 1272 1149 senario
1435 1113 1469 1165 q
1511 1097 1562 1150 h.
1596 1112 1640 1151 e.
1678 1094 1813 1164 quia
1850 1098 1964 1151 cod.
2004 1095 2155 1164 quod
2191 1097 2274 1149 ed.
2308 1113 2410 1164 pr.

374 1162 473 1230 qui
509 1165 647 1218 coni.
670 1163 907 1233 Keilius,
944 1182 1058 1219 ‘non
1093 1167 1246 1220 male.
1375 1167 1453 1220 In
1486 1168 1639 1222 exitu
1673 1184 1858 1229 versus
1896 1167 2120 1220 cenauit
2154 1168 2412 1235 suppleri

367 1239 558 1303 potest.
715 1234 1069 1290 Senariorum
1112 1237 1299 1303 frusta
1346 1253 1473 1290 cum
1520 1237 1922 1293 contubernale
1966 1237 2218 1307 pugnaui
2265 1236 2414 1304 quia

374 1304 560 1359 Meam
590 1305 816 1359 cenauit
843 1322 1041 1360 cenam
1060 1325 1267 1376 param
1292 1324 1573 1363 numerose
1594 1310 1879 1364 distribuit
1900 1309 2190 1378 Hauptius
2209 1309 2407 1362 Herm.

373 1377 452 1430 II
480 1381 600 1432 216.
678 1376 912 1432 Oreticos
954 1379 1090 1434 tales
1137 1379 1309 1446 atque
1355 1396 1482 1432 cum
1519 1379 1919 1434 contubernale
1965 1378 2242 1449 pugnaui,
2294 1378 2412 1443 Qus

374 1463 559 1501 meam
596 1449 794 1501 cenam
830 1448 1072 1519 [edendo
1110 1449 1278 1503 fidem
1313 1449 1509 1522 fregit]
1547 1452 1722 1518 effecit
1755 1451 1880 1506 Bae

975 1603 1290 1712 MAOOVS
1340 1651 1805 1722 SEQVESTER

376 1766 602 1833 Ssmile
649 1773 772 1855 est,
828 1772 1010 1855 quasi
1063 1793 1208 1836 cum
1264 1772 1334 1835 in
1380 1771 1554 1836 caelo
1610 1771 1808 1858 fulgit
1860 1770 2126 1856 propter
2177 1770 2411 1835 lunam

1862 1878 2107 1942 lucifer.

517 1995 735 2051 Nonius
775 2003 895 2068 506,
935 2002 967 2052 8
1009 1997 1247 2069 ‘fulgit
1286 2017 1388 2070 pro
1425 1998 1609 2070 fulget
1647 2044 1659 2054 .
1690 2043 1702 2053 .
1736 2043 1747 2053 .
1784 1998 2125 2070 Pomponius
2163 1997 2412 2052 Maccho

376 2071 686 2136 sequestre:
725 2067 908 2123 simile
946 2071 1053 2124 est'
1087 2087 1132 2125 e.
1164 2088 1216 2139 q.
1248 2089 1289 2125 s,

517 2175 681 2245 quasi
719 2176 795 2230 M
805 2176 850 2231 Ο
895 2193 1035 2244 quas
1074 2197 1117 2230 ω

1082 2360 1398 2422 MAOOVS
1442 2361 1693 2422 VIRGO

274 2495 338 2542 75
377 2480 778 2545 Praeterieris
822 2480 991 2545 uidst
1034 2480 1445 2547 Dossennum
1490 2482 1558 2545 in
1603 2481 1755 2545 ludo
1802 2480 2321 2546 reuereoiinditer

375 2586 529 2653 Non
566 2586 897 2651 docentem
935 2586 1462 2674 condiscipulum,
1506 2590 1734 2652 uerum
1775 2583 2165 2671 scalpentem
2209 2588 2411 2652 natis,

519 2708 736 2763 Nonius
766 2714 887 2776 516,
917 2713 984 2761 22
1027 2708 1653 2763 ‘reuerecunditer'
1690 2708 2146 2779 (‘uerecunditer’
2178 2709 2412 2779 BaHL)

380 2779 742 2861 ‘Pomponius
788 2779 1080 2861 Maccho·
1119 2779 1419 2861 uirginez
1465 2780 1832 2863 prae-teriens’
1874 2796 1919 2862 e.
1950 2798 2002 2848 q.
2029 2797 2075 2862 ρ.
2142 2782 2411 2861 §macco

376 2850 631 2921 plerique
652 2850 958 2904 secundum
977 2849 1400 2915 Quicheratlum
1414 2851 1464 2906 V
1476 2867 1701 2921 irglne
1719 2850 1957 2906 Bothms
1977 2869 2083 2905 u1r
2090 2867 2318 2920 ginem
2336 2855 2409 2921 ω)

522 2963 550 3010 1
590 2956 712 3010 uidi
739 2958 980 3012 Bothias
1100 2957 1453 3011 Dossennum
1478 2958 1717 3013 Bothias
1752 2958 2078 3012 dossensum
2103 2958 2198 3013 Ba
2235 2957 2408 3012 duos-

378 3045 602 3083 sensum
630 3049 674 3098 φ
767 3034 799 3082 2
837 3045 932 3082 cor
960 3026 1300 3098 discipulum
1327 3031 1465 3084 coni.
1485 3047 1527 3084 ω
1606 3044 1863 3083 uererum
1889 3029 1984 3084 Ba
2058 3031 2221 3100 nates
2252 3029 2319 3082 H
2323 3029 2417 3082 ¹P

1257 3232 1519 3291 MEVIA

374 3351 533 3416 Dies
568 3350 676 3416 hic
714 3354 963 3415 sextust
990 3353 1134 3415 mim
1161 3350 1330 3414 nihil
1367 3351 1489 3437 egi,
1525 3349 1627 3415 die
1657 3354 1882 3435 quarte
1911 3350 2186 3416 emoriar
2214 3351 2407 3416 fame.

520 3470 735 3525 Gellius
763 3471 815 3524 X
853 3478 938 3540 24,
967 3477 998 3525 5
1041 3471 1355 3539 ‘diequinte
1391 3471 1543 3525 enim
1579 3475 1638 3526 et
1674 3472 1954 3541 diequinti
1988 3489 2089 3543 pro
2127 3471 2407 3526 aduerbio

378 3542 640 3611 copulate
698 3541 911 3596 dictum
966 3545 1076 3612 est,
1133 3543 1380 3596 secunda
1433 3543 1493 3595 in
1548 3559 1613 3597 eo
1671 3542 1893 3612 syllaba
1949 3546 2207 3613 correpta
2257 3588 2269 3599 .
2302 3588 2314 3599 .
2345 3588 2358 3598 .
2387 3586 2403 3599 .
