2610 4007
898 178 1268 235 CAECILIVS
1308 135 1605 234 STATIVS
2128 240 2133 245 ,
2176 182 2255 244 77

1146 347 1351 406 XVIII

230 449 680 534 Opulenbitate
726 450 949 520 nostra
993 449 1120 513 sibi
1165 449 1385 534 (esse)
1432 450 1735 514 iniuriam

229 556 503 620 Factam

380 676 602 731 Nonius
643 683 762 746 146,
802 683 870 730 14
912 675 1375 746 ‘opulentitas
1421 639 1522 745 pro
1570 676 1862 745 opulentia
1989 720 2000 730 .
2032 720 2043 731 .
2077 721 2087 730 .
2128 675 2262 731 Cae-

236 748 409 803 cilius
445 748 672 803 Potio:
712 748 1107 818 opulentitate'
1149 764 1194 801 e.
1235 765 1287 816 q.
1329 766 1370 803 s.
1445 748 1711 817 (Plocio
1750 748 1834 803 ed.
1876 750 2036 818 1526)

385 861 414 907 1
456 870 579 908 esse
615 855 818 909 addidi
849 870 974 907 eam
1007 871 1049 908 ω
1180 860 1211 907 2
1247 853 1460 908 factam
1496 855 1779 910 Meo-cerus
1816 848 2023 907 faciam
2058 875 2118 923 ω,
2157 870 2261 923 quo

229 932 455 980 servato
490 927 621 980 olim
655 940 727 978 ne
755 932 883 994 post
918 923 1028 977 sibi
1064 927 1425 994 merueram,
1465 925 1513 978 si
1549 927 1673 980 Bue
1701 928 1994 995 proposuit
2127 941 2262 993 opu-

239 995 516 1051 lentitate
553 994 818 1050 iniuriam
851 995 1063 1049 factam
1099 995 1209 1049 sibi
1244 995 1454 1049 Nostra
1489 998 1725 1054 Bothius

1183 1147 1325 1204 XIX

234 1246 524 1311 Ll‘berne
572 1247 681 1311 es?
727 1284 813 1293 -
858 1245 1009 1312 Non
1055 1251 1223 1331 sum,
1267 1270 1497 1312 uerum
1541 1247 1705 1311 inibi
1752 1252 1848 1312 esb
1893 1298 1907 1312 .
1956 1299 1969 1312 .
2019 1300 2031 1312 .
2081 1300 2093 1312 .
2142 1300 2154 1312 .
2195 1300 2207 1312 .
2249 1300 2262 1311 .

385 1368 606 1423 Nonius
646 1373 765 1437 124,
805 1374 872 1422 25
914 1367 1121 1423 ‘inibi
1156 1385 1256 1437 pro
1296 1367 1377 1421 sic
1415 1371 1474 1421 eb
1508 1385 1637 1422 mox
1676 1412 1688 1425 .
1722 1413 1732 1424 .
1766 1369 1800 1422 .’

387 1492 503 1528 non
541 1492 664 1560 sum
698 1473 858 1557 liber,
895 1491 1087 1529 verum
1122 1474 1323 1529 inibist
1358 1474 1523 1544 quasi
1558 1494 1600 1531 ω

1201 1598 1312 1683 xx

238 1692 513 1756 catellae

384 1794 604 1848 Nonius
645 1800 763 1863 199,
803 1792 1195 1863 10fcate11aew
1225 1794 1625 1849 diminutiuum
1680 1797 1767 1849 est
1822 1797 2151 1849 catenarum
2206 1798 2264 1849 et

243 1866 513 1920 dicuntur
547 1882 750 1935 genere
785 1865 1093 1921 feminino.’
1169 1917 1173 1920 Α

1049 2016 1464 2077 POLVMENI
1515 2072 1518 2075 Α

390 2133 753 2204 Πωλούμενοι
788 2133 1124 2188 Menandri?
1195 2133 1279 2186 Ex
1314 2132 1423 2188 inc.
1460 2133 1641 2188 XXIV
1677 2134 1916 2188 fortasse
1954 2133 2265 2203 comparari

244 2204 431 2274 possit
467 2221 595 2258 cum
629 2205 923 2259 Menandri
959 2206 985 2258 I
1020 2204 1133 2260 his:
1190 2203 1387 2273 τάλας,
1441 2203 1674 2274 ἕστηκας
1712 2204 1790 2259 ἔτι
1827 2204 1968 2272 πρὸς
2002 2214 2124 2268 ταῖς
2159 2205 2266 2259 θύ-

246 2297 374 2343 ραις
414 2275 493 2329 Τὸ
532 2277 764 2345 φορτίον
810 2273 963 2342 θείς;
1019 2273 1344 2344 σιτόκουρον
1408 2275 1638 2346 ἄθλιον,
1682 2273 1977 2347 ’'Axona-ov
2014 2276 2110 2338 ·εἰς
2163 2275 2266 2344 τὴν

246 2348 436 2402 οἰκίαν
476 2346 795 2417 εἰλήφαμεν.
921 2366 933 2380 ·

251 2473 345 2539 At
408 2475 521 2559 pol
584 2497 703 2561 ego
765 2496 970 2559 neque
1032 2475 1264 2577 florem·
1321 2496 1529 2558 neque
1590 2475 1818 2538 flocces
1880 2473 2030 2537 uolo
2089 2471 2267 2557 mihi,

1385 2650 1388 2651 ⁷
1414 2581 1640 2644 uinum
1686 2581 1855 2644 uolo‚
2267 2596 2368 2644 190

395 2684 614 2738 Nonius
664 2690 790 2754 114,
831 2691 895 2738 17
947 2684 1220 2752 ‘floceS,
1274 2684 1403 2738 faex
1447 2683 1582 2737 uini.
1659 2682 1963 2738 Caecilius:
2019 2683 2094 2736 ad
2136 2682 2262 2751 pol'

258 2774 304 2812 e.
344 2774 396 2825 q.
439 2774 481 2810 s,
556 2755 770 2810 Gellius
806 2756 882 2808 XI
920 2761 969 2823 7,
1007 2761 1038 2808 6
1096 2755 1255 2808 ‘item
1310 2754 1566 2809 flocces
1620 2754 1877 2808 audierat
1910 2753 2095 2822 prisca
2130 2770 2267 2808 uoce

254 2827 575 2897 significare
626 2825 750 2880 uini
803 2825 1016 2880 faecem
1066 2842 1097 2879 e
1145 2825 1398 2880 uinaceis
1454 2842 1797 2894 expressam,
1862 2824 2028 2878 sicuti
2089 2824 2267 2878 fraces

257 2898 424 2954 oleis:
461 2897 633 2966 idque
670 2899 809 2966 aput
845 2896 1149 2951 Caecilium
1184 2897 1246 2950 in
1279 2896 1600 2951 Polumenis
1638 2896 1891 2965 legerat)

398 3004 481 3073 Cf.
520 3021 627 3059 cor.
665 3002 843 3056 XXIX
976 3006 1038 3056 at
1075 3004 1370 3058 Frutem'us
1407 3003 1480 3056 ad
1516 3023 1559 3056 ω
1702 3002 1869 3056 floces
1906 2982 2084 3058 Nonii
2118 3023 2161 3056 ω

253 3091 434 3144 neque
470 3074 639 3152 floces
673 3091 859 3143 neque
893 3073 1084 3128 florem
1122 3076 1309 3130 Vrbin.
1341 3079 1443 3128 307
1685 3112 1690 3116 -

1056 3186 1458 3248 PORTITOR

394 3305 473 3361 cf.
513 3305 856 3360 Ritschelius
891 3306 1114 3375 Parerg.
1152 3305 1178 3357 I
1217 3309 1335 3358 158.

261 3482 703 3497 ........
749 3453 863 3496 cur
909 3431 1373 3516 depopulabor?
1418 3415 1666 3518 gerrae!

392 3552 612 3608 Nonius
661 3559 788 3623 118,
835 3559 902 3607 33
961 3554 1255 3623 ‘gerrae,
1307 3569 1515 3623 nugae,
1570 3551 1818 3621 ineptiae
1867 3595 1878 3606 .
1920 3595 1931 3605 .
1972 3593 1978 3604 .
2033 3550 2266 3605 Plautus
