2610 4007
1067 184 1340 239 NOVTVS
2082 185 2211 250 329

1177 371 1233 428 V

177 526 190 539 .
291 473 451 538 huic
496 474 746 558 puellae
791 472 1169 557 praecoquis
1213 472 1417 536 libido
1464 473 1648 538 inest.

333 612 552 667 Nonius
592 619 711 681 150,
751 618 815 666 17
864 614 1188 682 ‘praecox
1229 593 1291 666 ’et
1336 629 1632 682 praecoca,
1691 614 1842 681 quod
1888 616 1974 667 est
2017 614 2215 668 imma-

178 687 320 738 tura
362 729 372 739 .
408 729 417 739 .
452 730 462 738 .
501 683 745 739 Nouius:
783 683 937 739 huic’
971 700 1015 738 e.
1047 702 1100 752 q.
1131 702 1173 738 s,

335 809 523 862 hercle
560 811 885 877 praemittas
1053 808 1196 862 huic
1243 810 1568 879 bisyllabum
1607 811 1827 865 metitur
1868 810 2075 865 Onio‘ns

182 879 498 949 praecoqui
525 881 919 935 Lachmannus
951 882 1028 935 ad
1053 880 1235 935 Lucil.
1264 898 1316 935 υ.
1337 887 1437 934 111
1582 880 1761 935 libido
1799 883 1917 936 edd.
1956 880 2134 935 liuido
2171 903 2215 935 ω

298 951 614 1021 Septenarii
648 955 730 1007 vel
766 953 1037 1007 octonarii
1064 958 1280 1020 partem
1318 969 1425 1007 esse
1458 954 1577 1007 vult
1611 970 1652 1007 x

1159 1156 1247 1214 VI

186 1256 317 1321 Est
358 1256 541 1341 pedis
586 1279 753 1321 unus
797 1257 1024 1344 ingens
1070 1257 1137 1321 in
1183 1259 1340 1321 naso
1434 1308 1446 1321 .
1540 1309 1551 1321 .

338 1396 556 1450 Nonius
605 1401 733 1466 220,
773 1403 840 1451 25
901 1396 1150 1466 ‘pedis‚
1209 1412 1375 1463 quem
1428 1412 1531 1449 nos
1586 1395 1907 1465 pediculum
1964 1398 2216 1468 dicimuS‚

190 1467 768 1608 {gzffszzgrgasculini
814 1471 914 1523 est.
998 1467 1242 1523 Nouius:
1299 1470 1387 1521 esf,
1438 1467 1623 1537 pedis’
1663 1484 1709 1522 e.
1749 1486 1801 1536 q.
1840 1487 1879 1522 s,
1954 1470 2218 1539 (neuius

341 1646 505 1701 Recte
540 1647 816 1701 dimensus
850 1653 927 1701 est
964 1646 1351 1701 Fleckeisenus
1511 1645 1650 1699 situs
1686 1663 1898 1701 versum
1933 1649 2221 1702 concludat

1335 2026 1338 2029 ,
1642 1951 1828 2017 mssia

201 2057 328 2122 Sex
373 2062 710 2122 nummum
755 2058 824 2121 in
871 2079 1081 2121 arcam
1130 2058 1356 2122 demisi
1401 2060 1844 2124 nummariam.

342 2178 561 2233 Nonius
599 2183 720 2246 495,
761 2184 828 2231 25
876 2178 1345 2232 ‘accusatiuus
1390 2180 1609 2234 numeri
1656 2180 1956 2250 singularis
2002 2181 2222 2250 positus

200 2268 301 2320 pro
349 2249 613 2318 genetiuo
660 2248 870 2318 plurali
1065 2250 1311 2304 Accius
1357 2252 1698 2320 Eurysace
1894 2251 2045 2305 idem
2090 2252 2222 2321 Epi·
2305 2288 2310 2293 -

202 2321 566 2375 nausimache
608 2364 706 2375 ...
744 2320 1008 2374 Nouius
1050 2321 1420 2390 Eurysace:
1466 2321 1647 2375 milia’
1680 2339 1725 2377 e.
1757 2340 1808 2390 q.
1840 2340 1881 2377 s.
1922 2322 2221 2391 (Erisace

202 2393 275 2446 W
311 2391 611 2462 Eurysacis
639 2408 842 2446 nomen
875 2391 1095 2446 librarii
1123 2408 1305 2446 errore
1341 2392 1589 2462 positum
1617 2409 1739 2447 esse
1766 2392 1913 2447 vidit
1939 2394 2221 2463 MunkiuS‚

204 2464 294 2518 cui
329 2464 540 2517 frustra
577 2463 908 2517 adversatur
943 2464 1008 2517 A.
1038 2462 1322 2517 Dieterich
1362 2463 1673 2518 Pulcinella
1707 2482 1760 2533 p.
1789 2467 1911 2534 105)

344 2577 376 2624 2
416 2569 614 2624 demisi
653 2571 1000 2626 Passeratius
1037 2569 1226 2623 dimisi
1263 2591 1304 2623 ω

1119 2792 1304 2850 VIH⁸

201 2875 442 2940 Fauces
485 2876 623 2940 foui
728 2869 753 2889 ”
2203 2875 2334 2941 109l

347 2995 578 3052 VHp-b
614 2996 912 3051 Frontonis
951 2995 1112 3065 epist.
1141 2997 1217 3050 IV
1247 3002 1278 3050 6
1315 3015 1369 3066 p.
1401 3003 1467 3051 69
1505 2997 1651 3052 Nab.
1692 2998 1785 3067 (M.
1817 2997 2021 3052 Caesar
2055 2998 2225 3052 Fron-

207 3069 348 3138 toni)
399 3070 570 3137 ‘aqua
623 3069 808 3122 mulsa
859 3067 1137 3121 sorbenda
1187 3085 1364 3136 usque
1417 3069 1491 3122 ad
1545 3068 1738 3138 gulam
1793 3072 1851 3122 et
1903 3069 2229 3123 reiectanda

208 3140 440 3194 fauces
486 3139 632 3193 foui
678 3139 867 3209 potius
915 3156 1085 3207 quam
1123 3138 1367 3193 dicerem
1412 3139 1918 3209 gargarissaui:
1963 3158 2096 3194 nam
2143 3144 2229 3194 est

214 3211 360 3281 apud
398 3211 690 3265 Nouium
727 3211 892 3265 credo
932 3212 990 3264 et
1026 3209 1167 3263 alibi
1207 3255 1217 3265 .
1252 3255 1261 3265 .
1296 3254 1307 3265 .
1341 3255 1351 3265 .
1392 3210 1594 3264 deinde
1631 3211 1756 3264 uuis
1793 3211 2069 3265 metendis
2099 3228 2228 3281 ope-

214 3300 329 3336 ram
367 3282 622 3337 dedimus
661 3285 719 3336 et
756 3280 1188 3336 consudauimus
1227 3284 1284 3335 et
1326 3281 1689 3335 iubilauimus
1729 3285 1786 3335 01,
1823 3282 2117 3351 aliquot,
2165 3286 2229 3335 ut

212 3354 291 3408 ait
330 3356 540 3421 auctor,
589 3353 997 3421 reliquimus
1036 3351 1513 3421 altipendulos
1561 3353 1949 3407 uindemiae
1997 3369 2228 3423 super-

213 3425 458 3479 stites!
517 3424 1086 3480 Cf.VindemiatoreS.
1150 3424 1277 3477 Non
1315 3424 1817 3493 gargarissare,
1859 3426 1958 3478 sed
1995 3426 2229 3479 fauces

212 3496 355 3551 foui
391 3496 665 3565 pluraque
696 3495 826 3563 alia,
857 3512 902 3550 e.
926 3512 970 3548 c.
1003 3497 1176 3562 aqua
1205 3496 1546 3549 sorbenda
1581 3496 1815 3550 falices
1844 3496 1989 3549 foui
2016 3512 2229 3563 usque

215 3568 295 3622 ad
341 3568 572 3638 gulam
613 3584 642 3621 e
680 3567 863 3622 Novio
903 3569 1125 3634 sumpta
1162 3582 1282 3620 esse
1320 3569 1487 3635 putat
1522 3566 1909 3621 Buechelerus.
