2610 4007
1011 159 1123 214 CN.
1160 159 1483 214 NAEvrvs
2167 163 2254 228 35

221 333 583 387 consponsus.
668 318 776 372 hoc
834 318 1086 373 Naeuius
1153 318 1438 391 significat
1500 335 1626 373 cum
1690 319 1775 374 ait
1837 322 2248 402 consponsi.'

218 388 495 459 (‘quidem
550 387 731 443 faciat
782 389 1069 460 obligatur
1124 391 1380 459 sponsus’
1432 411 1475 444 ω
1488 434 1503 459 ‚
1559 407 1698 445 corr.
1746 389 2047 461 Spengelii.
2131 410 2213 447 ne
2226 426 2250 435 -

217 459 369 513 uius
398 459 548 514 Flor.
659 459 744 514 De
781 459 950 514 titulo
979 460 1210 516 fabulae
1241 461 1595 531 ‘consponsi'
1628 460 1845 531 cogitab
1870 463 1934 516 A.
1968 463 2247 535 Spengel.)

216 530 380 585 Pauli
405 530 609 585 Festus
635 549 691 600 p.
720 536 787 586 41
811 531 887 587 M.
930 532 1337 602 ‘consposos
1367 532 1589 601 antiqui
1618 532 1884 587 dicebant
1911 533 2021 588 fide
2051 538 2244 589 mutua

216 601 560 673 colligatos?
638 601 717 656 cf.
756 602 985 657 Romuli
1020 603 1086 658 fr.
1116 604 1183 659 11.

1116 770 1348 829 XXVII

213 923 226 936 .
275 922 291 935 .
340 922 356 935 .
405 922 421 935 .
470 871 693 955 depuiiz
737 894 839 937 me
884 872 1189 936 miseram
1232 872 1316 936 ad
1358 893 1596 938 necem.
2249 874 2351 925 134

356 992 523 1047 Thes.
561 1010 687 1048 nov.
723 992 848 1047 Lab.
886 992 949 1046 in
984 993 1050 1047 A.
1079 992 1198 1047 Mai
1234 995 1382 1047 auct.
1423 993 1586 1048 class.
1617 994 1746 1049 VIII
1775 1000 1876 1049 1⁷5
1922 995 2242 1065 ‘depuire

209 1063 530 1118 uerberare.
584 1063 862 1119 Naeuius:
893 1063 1110 1133 depuit’
1144 1081 1189 1119 e.
1206 1082 1258 1132 q.
1277 1082 1320 1118 s.
1360 1063 1439 1118 cf.
1460 1064 1822 1119 PauliFestus
1849 1083 1903 1136 p.
1928 1071 1995 1120 70
2013 1067 2090 1122 Μ.
2123 1067 2242 1121 ‘de—

207 1150 442 1204 puuere,
481 1136 730 1190 caedere.
781 1134 1117 1191 Lucilius:
1159 1134 1475 1204 palmisque
1506 1135 1787 1191 misellam
1818 1137 2076 1207 depuuiib
2105 1139 2236 1193 me.'

354 1240 556 1311 depuit
589 1243 890 1310 thecam,
920 1243 1076 1311 prob.
1116 1241 1357 1297 Solmsen
1384 1241 1541 1298 Stud.
1579 1258 1625 1298 z.
1664 1244 1761 1299 lat.
1791 1244 2111 1316 Lautqesch.
2137 1250 2242 1300 166,

1099 1409 1361 1468 XXVIII

206 1509 657 1597 Ingurgitauit
700 1513 903 1595 lisque
949 1512 1030 1575 ad
1074 1510 1279 1575 imum
1325 1514 1673 1597 gutturem.

350 1631 571 1686 Nonius
607 1650 662 1701 p.
692 1637 815 1702 20⁷,
847 1637 916 1685 20
966 1632 1239 1702 ‘guttur
1280 1631 1469 1686 neutri
1516 1635 1602 1687 est
1646 1631 1866 1702 generis
1905 1675 1951 1688 ..
1976 1675 1990 1690 .
2017 1649 2237 1687 mascu-

204 1702 325 1757 lino
378 1703 618 1757 Plautus
658 1747 670 1757 .
701 1744 714 1757 .
747 1746 759 1757 .
796 1701 1046 1756 Lucilius
1086 1747 1097 1758 .
1130 1743 1186 1758 ..
1227 1702 1520 1760 Neuius:
1573 1702 1972 1773 ingurgitauit’
2014 1720 2059 1758 e.
2100 1722 2151 1772 q.
2193 1723 2234 1759 s.

206 1773 392 1829 Novio
433 1773 569 1828 olim
607 1774 872 1828 dederam
907 1773 994 1846 (fr.
1022 1773 1188 1843 XIV).

1126 1941 1324 2000 XXIX

208 2095 224 2108 .
265 2044 560 2109 animum
606 2065 823 2109 amore
870 2043 1134 2127 capitali
1181 2019 1646 2128 compleueriiit

345 2166 558 2220 Fronto
596 2165 757 2235 episb.
786 2184 841 2234 p.
863 2170 932 2219 2⁷
950 2164 1096 2220 Nab.
1138 2164 1385 2219 ‘litterae
1422 2164 1497 2218 ad
1531 2182 1621 2219 me
1657 2167 1792 2220 tuae
1935 2183 2050 2220 non
2092 2166 2231 2221 satis

203 2236 470 2307 proloqui
505 2254 737 2307 possum
763 2239 828 2290 ut
855 2234 1106 2290 animum
1132 2252 1322 2289 meum
1347 2235 1555 2305 gaudio
1583 2235 1644 2289 in
1673 2236 1852 2291 album
1881 2237 2230 2308 sustulerint,

204 2307 485 2363 desiderio
522 2305 969 2378 fraglantissimo
1006 2305 1396 2376 incitam-int,
1431 2310 1741 2387 posti-emm
1788 2308 1940 2376 quod
1980 2307 2064 2362 ait
2100 2308 2231 2362 Ne-

202 2380 383 2505 11ἰᾶἔὶ
425 2378 678 2433 animum
706 2396 756 2436 a.
786 2396 833 2435 c.
864 2376 1307 2447 compleuerint)
1368 2377 1518 2431 Ohm
1552 2378 1701 2433 inter
1733 2378 1994 2434 Noviana
2020 2380 2110 2449 (fr.
2130 2379 2228 2450 IX)

207 2468 265 2504 re
383 2466 556 2507 eram.

347 2555 756 2626 compleuerint
801 2574 879 2611 an
923 2557 1070 2627 quod
1113 2557 1177 2610 in
1221 2556 1337 2610 cod.
1384 2562 1461 2612 est
1506 2555 1908 2626 conpleue‘runt
1952 2575 2030 2611 cm
2059 2558 2231 2627 plane

204 2629 322 2685 alia
354 2630 539 2697 forma
572 2644 713 2682 usus
745 2629 819 2683 sit
854 2628 1128 2696 Naevius,
1165 2628 1458 2683 incertmn:
1495 2629 1565 2696 cf.
1605 2628 1717 2684 Leo
1755 2629 1844 2683 Pl.
1887 2627 1955 2681 F.
1987 2632 2091 2681 280

1135 2795 1300 2853 XXX

1479 2899 1650 2943 nunc
1693 2875 2046 2962 primulum

204 2984 495 3051 AmascO.

342 3106 645 3162 Diomedes
673 3125 727 3175 p.
751 3110 855 3160 334
872 3106 932 3161 P.
968 3107 1116 3161 ‘amo
1154 3108 1373 3161 ueteres
1400 3106 1725 3161 inchoatiuo
1753 3106 1921 3161 modo
1960 3122 2227 3161 amasco

206 3178 465 3233 dixerunt.
508 3223 520 3233 .
553 3221 568 3234 .
600 3222 614 3233 .
653 3176 931 3233 Naeuius:
986 3194 1135 3231 nunc
1179 3196 1233 3246 p.
1275 3178 1349 3232 a.'
1424 3177 1683 3232 Neuius
1718 3178 1940 3235 Monac.
1988 3176 2225 3231 nevios

204 3249 404 3306 Pariss.
423 3249 529 3303 AB
543 3293 558 3318 ‚
598 3251 664 3302 ul:
699 3248 938 3303 fortasse
974 3248 1201 3302 Nouiu
1213 3266 1238 3302 s
1272 3247 1462 3304 fuerib.

344 3362 372 3411 1
393 3374 470 3427 sq.
524 3353 831 3425 primolum
885 3355 1140 3411 Pari-sini
1165 3355 1288 3409 AB
1334 3355 1558 3412 Monac.
1642 3371 1866 3409 amasco
1920 3354 2224 3424 primulum

206 3427 575 3484 Forcezzmius

340 3533 504 3590 Adde
541 3535 841 3604 praeterea
874 3532 1097 3588 Afranii
1131 3532 1239 3589 inc.
1275 3533 1391 3588 fab.
1421 3532 1641 3587 XXVH.

1740 3628 1747 3636 .
1833 3622 1902 3674 3*
