2610 4007
394 186 524 251 366
1043 184 1324 242 DECIMV
1326 185 1362 239 S
1398 182 1755 240 LABERIVS

390 346 829 401 testitrahus.
905 345 1140 402 Graece=
1192 341 1723 416 ἀνακαμψικέρατος
1774 339 2026 415 ἑριόθριξ
2070 344 2407 416 anesusque.

393 417 473 473 Cf.
511 417 708 480 Aries
743 416 960 471 mimus.

1330 600 1472 660 XXI

526 722 959 787 Tertullianus
1005 722 1257 808 apolog.
1303 720 1390 786 48
1448 721 1588 807 ‘age
1643 719 1799 807 iam,
1853 719 1918 785 si
1973 722 2103 805 qui
2157 721 2412 806 philo-

394 829 678 913 sophus
740 828 1135 915 adfirmet,
1206 831 1281 891 ut
1345 827 1437 892 ait
1499 827 1807 892 Laberius
1870 826 1955 892 de
2017 830 2412 893 sententia

394 935 904 1022 Pythagorae,
953 934 1332 999 hominem
1377 932 1564 998 fieri
1610 955 1697 999 ex
1740 934 1971 1020 mu10‚
2016 935 2409 1000 colubram

395 1063 482 1105 ex
535 1041 883 1125 muliere,
938 1044 1004 1106 et
1055 1040 1124 1105 in
1169 1062 1309 1105 eam
1356 1040 1722 1124 opinionem
1768 1040 1983 1105 omnia
2031 1046 2413 1127 argumenta

395 1146 633 1231 eloquii
686 1148 929 1212 uirtute
966 1146 1367 1232 ,distorserit‚
1420 1167 1631 1212 nonne
1687 1168 2062 1211 eonsensum
2115 1148 2413 1213 mouebit

395 1255 461 1318 et
502 1252 695 1318 fidem
748 1254 976 1341 infiget
1029 1253 1223 1319 etiam
1268 1253 1350 1318 ab
1406 1252 1789 1318 animalibus
1842 1252 2204 1318 abstinendi
2263 1277 2412 1340 pro-

304 1449 305 1452 *
394 1360 654 1444 pterea?
725 1382 1096 1445 persuasum
1142 1360 1287 1444 quis
1330 1359 1565 1424 habeat
1571 1411 1590 1446 ‚
1635 1380 1715 1424 ne
1758 1359 1925 1426 forte
1971 1359 2283 1425 bubulam
2333 1362 2410 1426 de

395 1465 611 1550 aliquo
657 1488 902 1550 proauo
949 1488 1065 1531 suo
1112 1465 1457 1531 obsonetP'
1532 1464 1627 1531 Cf.
1670 1465 1926 1532 Cancer.

538 1595 828 1660 Senarium
873 1603 970 1659 sio
1015 1601 1126 1675 (vel
1163 1604 1282 1674 ait)
1329 1604 1664 1660 hominem
1707 1602 1875 1659 fieri
1920 1620 1997 1659 ex
2040 1605 2249 1675 mulo,
2299 1623 2410 1660 co·-

396 1676 660 1731 lubram
706 1693 783 1731 ex
826 1675 1110 1732 muliere
1145 1675 1370 1731 notavit
1403 1676 1520 1731 Bue

1311 1915 1482 1975 XXII

295 2019 394 2068 155
417 1996 816 2083 [dextrabus]

539 2136 753 2190 Nonius
798 2142 920 2206 498,
960 2143 1026 2191 19
1075 2137 1473 2193 ‘dextrabus
1525 2154 1628 2207 pro
1679 2137 1937 2193 dexteris,
2019 2138 2290 2193 Laberius
2347 2139 2408 2192 in

400 2207 646 2264 Odissia:
700 2209 879 2277 deque
923 2208 1182 2263 manibus
1229 2208 1571 2263 dexi-‚rabus'
1646 2210 1763 2262 Aut
1806 2208 2039 2263 Livius
2091 2227 2219 2264 oum
2261 2210 2407 2264 Ben-

398 2279 518 2333 tino
548 2278 901 2334 scribendum
929 2282 1030 2334 aut
1063 2279 1269 2334 lacuna
1300 2280 1603 2335 statuenda
1636 2279 1803 2334 huius
1829 2279 2009 2336 modi:
2050 2280 2409 2335 ‘Laberius

403 2393 500 2404 ...
540 2349 778 2405 Liuius
814 2350 884 2404 in
921 2350 1216 2405 Odissia'
1248 2367 1295 2406 e.
1326 2369 1378 2420 q.
1410 2369 1450 2406 s,

1300 2572 1503 2630 XXIII

401 2654 651 2719 sobrior

544 2773 827 2830 Charisius
872 2793 925 2846 p.
956 2781 1024 2829 64
1071 2776 1130 2830 P.
1179 2774 1447 2845 ‘sobrius‚
1494 2774 1646 2843 quod
1690 2791 1894 2830 nomen
1937 2776 2250 2846 comparari
2295 2793 2412 2831 non

403 2847 585 2900 debet.
676 2862 857 2914 neque
912 2846 1061 2900 enim
1115 2845 1331 2900 sobrior
1382 2861 1563 2914 neque
1623 2845 1974 2900 sobrissimus
2031 2846 2144 2901 dici
2202 2850 2411 2918 potest,

403 2917 659 2985 quamuis
696 2917 963 2972 Laberius
1001 2917 1268 2973 sobrior
1307 2917 1549 2972 dixerit)

1308 3137 1504 3197 XXIV

405 3223 586 3287 aluus

550 3343 832 3399 Charisius
887 3363 939 3414 p.
980 3350 1045 3399 61
1094 3344 1151 3398 Ρ.
1222 3343 1479 3398 ‘aluum
1534 3342 1814 3413 Vergilius
1877 3342 2143 3397 feminino
2208 3359 2414 3412 genere

407 3433 572 3487 saepe
636 3415 804 3486 dixit,
871 3417 968 3470 sed
1030 3414 1338 3469 masculine
1392 3414 1598 3470 Caluus
1655 3458 1668 3469 .
1708 3457 1720 3470 .
1762 3458 1773 3469 .
1831 3418 1888 3468 et
1945 3414 2178 3468 Heluius
2235 3413 2416 3468 Cinna

409 3531 420 3541 .
461 3529 474 3542 .
517 3532 526 3542 .
593 3490 650 3540 et
706 3487 974 3542 Laberius
1038 3489 1097 3540 et
1152 3486 1354 3540 Accius
1417 3486 1758 3554 frequenter,
1823 3485 1973 3554 quod
2033 3484 2217 3555 magis
2281 3502 2417 3539 usus

409 3557 753 3611 celebrauit)
820 3590 821 3593 =
