2610 4007
935 68 946 79 ⁰
979 130 1039 186 L.
1077 131 1405 186 AFRANIV
1409 131 1445 185 S
2091 134 2219 198 201

1062 299 1368 359 ΟΒΙΜΕΝ

338 416 427 469 De
478 415 770 469 comoedia.
813 434 866 485 p.
903 416 1078 471 Lvm
1113 417 1202 471 W.
1254 416 1526 471 ‘omnium
1572 419 1761 470 autem
1810 417 2225 473 comoediarum

192 487 476 556 inscripta
532 503 600 540 ex
654 488 895 555 quatuor
947 488 1114 541 rebus
1170 488 1395 541 omnino
1453 490 1768 543 sumuntur:
1824 488 2049 542 nomine
2099 489 2224 543 loco

194 558 354 684 {ffiw
394 560 665 655 euentu’.
697 602 708 613 .
741 602 754 613 .
787 561 991 612 euentu
1028 561 1094 612 ut
1122 558 1575 629 CommorienteS,
1615 558 1901 628 Crimen,
1938 559 2222 614 Heauton-

301 645 619 684 crumenos.

1194 727 1227 785 I

198 880 466 892 .....
516 827 863 892 drbitatem
907 807 1057 892 tuae
1103 829 1424 894 senectuti
1465 830 1699 895 malam

197 934 427 1020 Metus,
477 934 652 1019 quod
695 935 765 999 in
802 935 1011 999 solum
1047 957 1177 999 non
1214 936 1397 999 uenit
1432 938 1618 1001 caeco
1656 958 1729 1001 ac
1766 937 2054 1002 dementi
2083 937 2225 1002 tibi.

343 1055 564 1110 Nonius
595 1061 715 1123 124,
748 1062 813 1110 17
857 1055 1210 1125 ‘insolum,
1249 1056 1581 1112 insolitum.’
1657 1058 1891 1127 Ineptit:
1930 1058 1998 1112 cf.
2038 1076 2087 1112 V.
2119 1065 2223 1111 342

199 1128 383 1182 Varro
423 1130 526 1182 sat.
557 1127 622 1181 fr.
656 1133 725 1181 90
753 1128 814 1181 B.
853 1130 925 1196 (p.
958 1134 1058 1181 117
1090 1128 1180 1198 Β.)
1217 1127 1409 1183 Cicero
1449 1130 1517 1182 de
1553 1132 1670 1183 nat.
1710 1130 1941 1183 deorum
1976 1130 2003 1183 I
2038 1135 2125 1198 23,
2156 1135 2223 1183 65

201 1200 275 1253 ad
310 1198 447 1254 fam.
483 1198 561 1252 IX
599 1204 684 1267 26,
723 1204 772 1254 2.

348 1311 377 1358 1
418 1309 552 1360 tuae
590 1304 869 1359 senectuti
905 1307 1143 1362 Bothius
1181 1306 1460 1360 senectuti
1495 1309 1628 1361 tuae
1665 1328 1708 1359 ω
1880 1313 1912 1359 2
1950 1307 2011 1361 in
2048 1306 2229 1361 solum

203 1376 489 1433 Meu-cerus
522 1376 770 1430 insolum
806 1384 972 1432 antea
1206 1376 1455 1432 dementi
1490 1377 1599 1431 tibi
1636 1379 1923 1433 Bentleius
1960 1376 2231 1431 demetibi

204 1449 391 1520 (adme
428 1447 540 1502 tibi
579 1449 680 1517 F¹)
718 1470 761 1502 ω
1183 1528 1245 1587 Π

206 1629 383 1706 Qu6s
431 1629 672 1713 inpune
720 1629 1144 1713 depopulatur
1191 1630 1585 1713 despoliatur
1631 1630 1901 1694 dedecus

349 1749 569 1803 Nonius
623 1756 754 1813 480,
795 1756 861 1803 12
921 1749 1130 1831 ‘spolcr
1184 1768 1285 1819 pro
1343 1750 1569 1832 spolior.
1642 1749 1906 1805 Afranius
1963 1750 2230 1832 Crimine:

207 1822 369 1889 quos'
420 1837 467 1875 c.
507 1839 561 1889 q.
603 1838 644 1876 s,
724 1820 1149 1890 ‘Quadrigarius
1205 1821 1426 1878 annah:
1481 1825 1566 1876 ita
1617 1839 1718 1891 per
1773 1838 2098 1876 sexenmum
2128 1868 2138 1877 .
2171 1867 2182 1877 .
2215 1867 2228 1879 .

209 1910 407 1962 agrum
446 1892 794 1961 Campanum
831 1936 842 1947 .
875 1936 887 1947 .
918 1937 930 1947 .
981 1893 1390 1961 expolabatur.’
1468 1893 1819 1964 (spolabatur
1854 1895 1938 1948 Ba
1983 1893 2231 1964 expolia-

206 1963 376 2018 batur
411 1963 492 2018 Η1
531 1963 902 2034 expolabatur
939 1984 981 2034 φ
1022 1963 1454 2034 expoliabantur
1489 1963 1708 2037 Junius)

353 2070 702 2141 despoliatur
747 2073 867 2141 (del.
898 2074 974 2140 et)
1011 2072 1248 2126 Bothius
1293 2075 1351 2126 et
1397 2071 1712 2142 dispolatur
1747 2094 1815 2142 ω,
1862 2076 1955 2128 sed
1989 2092 2069 2128 nu
2104 2081 2236 2129 atwr

211 2143 458 2198 Nonius.-
504 2144 573 2209 cf.
620 2143 831 2212 Tua-pil.
874 2148 972 2196 149
1015 2160 1140 2196 cum
1174 2146 1355 2198 coroll.
1393 2144 1651 2199 XXXVH
1686 2162 1760 2214 sq.
1802 2146 1859 2197 et
1895 2143 2057 2213 dispo
2087 2143 2238 2198 'atur

211 2215 289 2269 ed.
328 2233 378 2269 a.
422 2220 577 2283 1471,
616 2215 687 2280 cf.
727 2215 900 2269 Prisc.
935 2219 1037 2267 796
1076 2214 1140 2268 P.

213 2463 387 2529 Haec
431 2465 650 2529 ieiuna
694 2465 1044 2530 ieientauit.

352 2586 573 2640 Nonius
615 2591 733 2655 126,
767 2593 832 2640 13
875 2586 1181 2641 ‘ieientare
1257 2587 1524 2640 Afranius
1571 2604 1712 2642 ****
1757 2587 2015 2643 Buccone
2063 2588 2237 2656 adop-

217 2660 335 2713 tato
374 2703 386 2713 .
421 2702 432 2712 .
465 2701 476 2712 .
517 2656 782 2711 Afranius
822 2657 1086 2713 Crimine:
1128 2659 1269 2712 haec
1305 2657 1342 2712 i.
1381 2658 1442 2712 i.'

354 2765 519 2836 haec]
560 2782 637 2818 an
671 2772 812 2819 nec?
953 2763 1199 2818 ientauit
1235 2765 1490 2820 EH²W

1055 2950 1390 3011 DEDITIO

216 3122 478 3136 .....
528 3067 680 3153 quia
728 3069 1022 3154 quadrati
1068 3073 1220 3134 sunt
1264 3071 1419 3156 sagi.

360 3190 646 3247 Charisius
692 3209 745 3259 p.
787 3197 850 3244 81
891 3191 949 3245 Ρ.
1012 3192 1276 3260 ‘sagum
1329 3194 1529 3246 neutro
1584 3209 1787 3262 genere
1843 3192 2063 3248 dicitur.
2139 3194 2241 3246 sed

219 3262 481 3317 Afranius
525 3261 587 3315 in
632 3261 932 3316 Deditione
976 3262 1286 3316 masculine
1336 3262 1504 3318 dixit:
1551 3263 1685 3331 quia
1722 3282 1774 3332 q.
1806 3281 1846 3318 s,
1880 3266 1944 3318 s!
2022 3264 2156 3319 GGL
2185 3265 2241 3319 V

219 3340 317 3388 591
347 3334 412 3390 K.
457 3336 717 3402 ‘sagus‚
755 3350 881 3402 gen.
911 3349 1098 3402 masc„
1137 3336 1202 3387 ut
1238 3334 1528 3391 Afranius:
1568 3334 1703 3403 quia
1738 3353 1790 3403 q.
1821 3353 1861 3391 s.
1894 3337 1959 3391 s.’

358 3440 494 3509 quia·
540 3456 705 3494 anon.
715 3482 733 3509 ,
783 3457 897 3495 non
934 3457 1164 3509 prorsus
1199 3449 1401 3496 certum
1437 3444 1500 3496 in
1538 3441 1781 3497 Charisii
1816 3444 1929 3497 cod.
1969 3443 2120 3510 quod
2157 3444 2238 3497 ed.

214 3530 298 3580 pr.
408 3510 704 3580 quadratis
743 3510 867 3581 sagi
903 3528 1067 3566 anon.
1108 3511 1333 3568 Monac.

2262 849 2336 898 40
