2610 4007
385 181 471 246 54
1038 184 1408 239 CAECILIVS
1447 183 1748 239 STATIVS

1352 352 1440 410 VI

384 449 639 516 Garruli
684 453 820 517 sine
866 453 1085 518 dentes
1130 454 1396 538 iactent,
1442 452 1579 518 sine
1623 453 1949 518 nictentur
1992 453 2272 538 perticis.

521 573 720 627 Festus
755 593 810 644 p.
844 580 943 628 177
974 575 1049 630 Μ.
1092 575 1390 630 ‘nictare
1438 578 1497 629 et
1533 574 1822 629 oculorum
1858 577 1916 629 et
1952 574 2193 628 aliorum
2227 591 2419 629 mem-

379 643 606 699 brorum
649 644 776 699 nisu
823 661 989 714 saepe
1036 645 1254 715 aliquid
1300 646 1493 701 conari
1538 645 1753 700 dictum
1798 648 1885 700 est
1931 646 2004 700 ab
2043 645 2293 714 antiquis
2333 678 2417 687 —

380 715 656 770 Caecilius
691 716 752 770 in
787 716 1091 786 Hymnide:
1129 718 1365 787 garruli'
1408 734 1454 772 e.
1486 735 1537 786 q.
1570 736 1611 772 s.

519 822 734 893 garruli
770 822 890 877 sine
927 824 1123 878 dentes
1161 825 1407 896 Scaliqer
1442 823 1683 894 garrulis
1718 824 2006 878 medentes
2044 825 2157 879 cod.

1335 973 1454 1032 VH

379 1071 531 1138 Sine
576 1095 757 1138 suam
802 1076 1194 1138 senectutem
1241 1075 1433 1139 ducat
1477 1078 1680 1159 iisque
1728 1075 1808 1139 ad
1853 1075 2102 1139 senium
2139 1072 2416 1138 s6rbi10.

517 1195 714 1249 Festus
758 1213 813 1264 p.
844 1199 946 1248 339
975 1193 1048 1249 M.
1102 1195 1395 1249 ‘senium
1450 1212 1485 1249 a
1540 1195 1705 1249 senili
1760 1195 2072 1250 acerbitate
2129 1197 2187 1248 et
2239 1193 2412 1249 uitiis

376 1265 591 1320 dictum
626 1266 817 1335 posuit
852 1265 1128 1321 Caecilius
1165 1265 1226 1319 in
1261 1267 1568 1336 Hymnide:
1607 1266 1748 1320 sine'
1789 1283 1835 1321 e.
1866 1284 1920 1335 q.
1953 1285 1994 1321 s.

518 1372 612 1427 An
649 1375 969 1428 senectam?
996 1374 1065 1441 ef.
1086 1390 1135 1427 v.
1158 1378 1224 1426 28
1297 1388 1474 1441 usque
1493 1373 1779 1428 Bentleius
1806 1375 1869 1428 i‘n
1894 1373 2011 1428 Ter.
2031 1374 2121 1427 ad.
2141 1371 2221 1426 IV
2241 1378 2289 1440 2,
2313 1378 2407 1441 52,

368 1446 624 1512 probavit
650 1444 1045 1499 Lachmannus
1071 1446 1133 1498 in
1160 1444 1328 1499 Lucr.
1351 1448 1455 1497 250
1492 1442 1689 1512 utique
1725 1445 1839 1499 cod.
1852 1486 1867 1511 ,
1905 1446 2114 1499 servari
2148 1445 2411 1499 volebant

379 1515 686 1570 Grauertus
723 1515 891 1570 Amal.
921 1520 989 1568 82
1035 1523 1086 1570 et
1120 1515 1523 1570 Schoemannus
1568 1532 1748 1584 opusc.
1792 1517 1949 1570 acad.
1977 1514 2055 1568 IV
2086 1519 2187 1568 296
2298 1514 2408 1568 ad-

374 1602 570 1640 senum
598 1588 711 1643 cod.
814 1585 1022 1641 sorbilo
1050 1586 1336 1642 Bentlcius
1373 1585 1608 1640 sorbitio
1636 1587 1751 1642 cod.
1792 1585 2071 1640 sonticum
2093 1585 2409 1641 Grauertus

1313 1736 1463 1794 VIII

373 1835 720 1923 Prodigere
767 1841 858 1923 et,
904 1860 1050 1903 cum
1094 1837 1190 1902 nil
1234 1836 1499 1924 habeas,
1546 1838 1655 1902 ted
1700 1836 1967 1902 inridier

514 1959 712 2014 Festus
755 1978 809 2029 p.
841 1965 944 2014 229
972 1959 1047 2015 Μ.
1099 1958 1559 2030 ‘prodegeriS,
1608 1957 2016 2030 consumpseris
2065 1957 2403 2029 perdideris,

372 2033 438 2085 ut
473 2029 750 2085 Caecilius
787 2031 848 2085 in
882 2030 1155 2101 Hymni:
1191 2030 1510 2101 prodigere’
1553 2047 1598 2086 e.
1630 2048 1683 2099 q.
1714 2049 1756 2087 s,

515 2139 573 2191 et
606 2139 804 2207 scripsi
849 2140 935 2192 est
969 2139 1083 2193 cod.
1201 2136 1285 2190 nil
1321 2138 1561 2193 Bothius
1604 2136 1749 2190 nihil
1786 2139 1898 2193 cod.
2019 2137 2118 2191 ted
2162 2135 2407 2191 inridier

369 2209 589 2264 Neuius
632 2211 688 2263 te
733 2208 967 2262 inridier
1011 2210 1124 2264 cod.
1173 2210 1267 2279 (cf.
1307 2210 1598 2264 Diomedes
1634 2226 1694 2278 p.
1726 2213 1829 2263 378
1859 2209 1947 2277 Ρ.)
1997 2210 2054 2262 te
2101 2206 2408 2262 inriderier

371 2280 648 2338 Dacerius
1344 2358 1430 2416 IX
2062 2309 2070 2315 ν

267 2442 606 2507 74¹nudius
650 2443 881 2507 tertius

515 2563 800 2619 Charisius
818 2582 873 2634 p.
894 2567 996 2617 185
1011 2562 1375 2617 Pssnudius
1404 2562 1658 2617 tertius
1687 2561 1966 2617 Caecilius
1994 2561 2055 2615 in
2074 2561 2400 2631 Hymnide.’

697 2730 1379 2793 HYPOBOLIMAEVS
1427 2731 1550 2791 sive
1598 2730 1978 2790 SVBDITIV
1981 2729 2075 2790 OS

513 2850 596 2903 De
641 2847 808 2902 huius
852 2847 1083 2902 fabulae
1130 2849 1462 2917 argumento
1509 2845 1888 2902 coniecturam
1931 2846 2119 2901 facere
2154 2845 2291 2901 licet
2328 2863 2402 2901 ex

369 2919 638 2976 Varronis
667 2920 736 2973 de
763 2937 823 2974 re
849 2922 985 2974 rust.
1005 2919 1059 2972 Π
1079 2924 1162 2987 11,
1186 2924 1248 2972 11
1288 2917 1414 2972 loco
1455 2919 1658 2986 ‘neque
1686 2935 1801 2973 non
1828 2918 2109 2986 quaedam
2135 2916 2401 2972 nationes

371 2992 592 3046 harum'
641 2994 736 3060 (sc.
786 2993 1100 3060 caprarum)
1151 2988 1416 3058 ‘pellibus
1464 2992 1597 3043 sunt
1640 2988 1883 3043 nestitae
1915 3033 1925 3043 .
1951 3033 1962 3043 .
1986 3033 1997 3043 .
2028 2987 2187 3043 cuius
2231 3006 2400 3043 usum

373 3062 826 3188 ἓὲἓᾱεὲἓέἒᾳὲῗ
852 3059 1577 3201 flxssqsssu‘jfzssizzffffz‘i
1612 3063 1850 3187 ‘3203553
1888 3059 2400 3185 222013213355353

372 3206 489 3275 qui
525 3205 595 3259 in
630 3204 894 3259 rustico
934 3219 1137 3272 opere
1173 3205 1552 3273 morantur,
1578 3153 1666 3257 ‘ipit
1701 3154 1880 3272 ‘sipu’d
1909 3201 2292 3257 Caecilium
2328 3201 2400 3256 in

371 3275 914 3347 Hypobolimaeo
978 3274 1188 3329 habet
1252 3274 1685 3344 adulescens,
1753 3273 1903 3343 apud
1956 3272 2280 3328 Terentium
2335 3272 2399 3327 in

371 3347 972 3402 Hautontimorumeno
1000 3346 1206 3400 senex.'
1264 3346 1410 3400 Hinc
1439 3345 1589 3399 enim
1616 3345 1975 3400 confirmatur
2002 3344 2154 3412 quod
2181 3343 2399 3399 Meine-

371 3418 499 3473 kius
535 3419 682 3474 Men.
719 3437 773 3488 p.
807 3424 907 3472 172
947 3419 1240 3486 statuerat,
1279 3433 1348 3471 ex
1383 3416 1830 3486 Hypobolimaeo
1865 3414 2049 3486 petita
2086 3432 2205 3470 esse
2244 3433 2397 3484 quae

370 3493 568 3544 narrat
603 3488 793 3544 Cicero
830 3506 930 3559 pro
967 3489 1128 3543 Rosc.
1166 3487 1287 3544 Am.
1322 3493 1412 3557 16,
1441 3494 1511 3542 46
1552 3487 1777 3555 ‘ecquid
1821 3487 2051 3543 tandem
2086 3486 2195 3541 tibi
2231 3486 2401 3541 uide-

372 3564 481 3630 tur,
501 3563 567 3614 ut
587 3560 660 3614 ad
678 3560 903 3614 fabulas
921 3558 1229 3628 ueniamus,
1260 3575 1464 3612 senex
1492 3558 1615 3613 ille
1637 3557 2078 3614 Caecilianus
2106 3558 2402 3613 minoris

2396 3669 2416 3786 ,ἰ

2409 3795 2419 3850 5
