2610 4007
992 211 1101 266 CN.
1140 211 1463 266 NAEVIVS
2144 214 2228 276 21

212 371 370 425 modo
408 372 530 426 edd.
560 379 709 452 vett:
747 374 872 428 vide
906 387 1107 454 supra..
1168 350 1449 428 Sententia
1484 373 1615 428 haec
1649 371 1821 439 fuisse
1840 379 2042 442 potest:
2079 372 2232 440 quod

211 441 446 512 populus
483 445 727 513 patitur,
765 447 829 498 tu
865 445 1053 512 patlas
1090 445 1229 497 ltem

1192 558 1257 617 H

212 709 475 729 .....
524 657 682 742 quid
723 659 983 724 moras?
1026 697 1114 708 ,-.
1162 657 1333 737 Quid
1376 658 1591 744 (iam)
1639 657 1961 743 imperas?

348 786 534 824 mores
572 771 705 826 Par.
734 772 794 825 B
901 770 1037 840 quia
1080 771 1324 842 imperas
1372 772 1505 827 Par.
1535 770 1591 825 A
1627 772 1851 827 Monac.
1908 776 2022 839 qufi.
2039 840 2051 852 ⁶
2068 786 2232 851 peras

212 841 339 897 Pam.
372 842 427 895 B
475 841 614 909 quid
658 841 902 911 imperas
949 845 1065 899 edd.
1114 850 1263 913 vett„
1312 843 1456 914 quod
1489 844 1667 914 magis
1702 844 1899 912 placet.
1957 858 2095 910 qum
2130 858 2235 895 1m-

209 920 408 982 peras?
444 931 612 969 amici
641 930 800 984 prop.

926 1005 1527 1098 QVADRIGEMINI

269 1181 282 1193 .
332 1180 346 1192 .
397 1149 516 1193 suo
562 1127 775 1192 lab6ri
820 1128 1038 1192 nullus
1082 1129 1353 1212 pei-cuit.

346 1248 570 1303 Nonius
600 1253 722 1318 153,
753 1254 821 1302 22
865 1248 1194 1319 ‘par-cuit,
1231 1251 1521 1319 pepercit?

351 1355 537 1410 labori
575 1357 696 1412 edd.
734 1354 945 1410 laboris
982 1376 1025 1410 ω
1061 1355 1245 1410 labori
1281 1355 1332 1410 is
1366 1374 1422 1412 x.
1495 1358 1593 1413 An
1629 1374 1759 1412 suos
1796 1357 2057 1414 labores?

988 1505 1422 1566 STALAGMV
1424 1507 1464 1567 S

126 1636 131 1641 ·
205 1606 460 1674 Vise-m:
510 1607 628 1673 deo
674 1608 831 1700 me6.
863 1608 1148 1693 propitio
1193 1609 1375 1673 meus
1418 1608 1616 1675 homo
1661 1613 1774 1673 est.
1994 1622 1997 1625 ’
2274 1624 2341 1675 70

345 1730 608 1784 Donatus
652 1729 714 1783 in
758 1728 884 1783 Ter.
929 1729 1150 1785 Phorm.
1180 1729 1207 1782 I
1234 1734 1292 1799 2,
1325 1735 1393 1784 24
1443 1729 1572 1784 ‘deo
1618 1729 1765 1785 irato
1810 1730 1959 1801 meo]
2006 1727 2233 1784 uidetur

321 1800 615 1855 addidisse
650 1815 820 1870 me0‚
866 1816 938 1854 ne
974 1803 1123 1854 esset
1158 1797 1474 1874 ἀμφίβολον
1510 1799 1602 1854 eui
1639 1799 1877 1857 diceret:
1923 1799 2069 1856 irato
2107 1800 2230 1856 deo,

205 1871 460 1928 Naeuius
516 1871 577 1925 in
632 1871 1147 1940 Stalagmonisa
1200 1871 1355 1926 deo'
1419 1887 1465 1927 e.
1509 1890 1563 1940 q.
1606 1890 1647 1926 s.
1736 1870 1997 1926 Neuius
2051 1871 2229 1942 Lugd.

202 1942 752 1998 HemniusDresd.
865 1942 1381 2014 Stalagmonisa
1408 1943 1532 1998 deo
1553 1942 1739 1998 Ouiae.
1771 1943 2232 2014 stalagmonis

202 2016 392 2070 Adeo
429 2014 611 2085 Lugd.
660 2014 1081 2084 Stalagmois
1119 2014 1288 2069 adeo
1327 2014 1505 2070 Gand.
1555 2014 2013 2085 stalignionis
2061 2015 2231 2070 adeo

203 2086 404 2142 Dresd.
466 2085 863 2167 Stalagmus
900 2084 1047 2140 servi
1082 2101 1288 2140 nomen
1326 2101 1393 2140 ex
1422 2085 1674 2156 Captivis
1700 2089 1898 2140 notum
1924 2089 2056 2156 post
2090 2085 2233 2140 alios

202 2156 449 2213 Bothius
496 2160 744 2227 agnovit.

348 2263 556 2318 uisam.
624 2262 729 2317 deo
773 2264 974 2345 scripsi
1026 2261 1152 2317 nisa
1207 2263 1313 2318 deo
1367 2264 1451 2319 vel
1494 2262 1583 2317 nis
1640 2264 1783 2318 adeo
1839 2266 1906 2334 (v.
1953 2265 2143 2345 supra)
2190 2284 2233 2317 ω

202 2352 415 2390 mussa.
457 2334 565 2388 deo
604 2334 727 2389 Bue
761 2351 874 2387 mel
909 2350 1026 2387 lam
1061 2334 1167 2388 deo
1211 2352 1254 2389 ω
1435 2334 1665 2402 fortasse
1700 2335 1869 2388 homo
1907 2333 2113 2407 <1111e>
2150 2336 2238 2389 est

204 2408 285 2462 vel
319 2405 510 2480 (hic)
549 2407 636 2459 est
669 2406 838 2459 homo
875 2406 1113 2461 dederat
1123 2412 1288 2475 poeta

989 2553 1470 2615 STIGMATIAS

202 2639 474 2724 praebia

347 2752 534 2805 Varro
572 2750 643 2804 de
679 2750 714 2804 l.
755 2750 792 2805 1.
822 2750 926 2805 VII
956 2755 1057 2805 107
1084 2751 1162 2807 M.
1203 2723 1260 2805 ‘u
1299 2752 1377 2804 ud
1413 2750 1693 2806 Naeuium
1729 2750 1790 2804 in
1824 2749 2073 2805 Hesiona
2086 2793 2233 2806 ......

203 2822 263 2876 in
302 2819 642 2905 Stigmetia:
736 2820 1001 2889 raebia‚
1049 2838 1085 2875 a
1129 2838 1265 2891 prae
1307 2822 1452 2876 endo
1490 2825 1555 2876 ut
1590 2822 1667 2877 sit
1701 2824 1886 2891 tutus,
1931 2821 2084 2889 quod
2121 2820 2238 2876 sint

204 2894 462 2948 remedia.
500 2910 560 2945 1n
597 2892 686 2948 eol
710 2909 743 2947 0
775 2891 1004 2964 pueris!
1073 2895 1129 2962 (a
1165 2892 1595 2962 prohibendo
1626 2938 1637 2949 .
1663 2938 1673 2948 .
1698 2937 1708 2948 .
1738 2892 1932 2963 pueri
1958 2891 2234 2963 Bergkius

204 2982 396 3034 opusc.
427 2964 453 3017 I
483 2968 588 3017 392
627 2962 698 3018 ef.
735 2963 935 3019 Festus
970 2981 1025 3033 p.
1056 2968 1177 3019 234.
1207 2966 1334 3033 238)

969 3112 1485 3173 TARENTILLA

347 3230 429 3286 cf.
476 3233 819 3297 Ταραντῖνοι
864 3228 1132 3286 Alexidis,
1205 3229 1612 3284 Adulescentes
1659 3229 1771 3284 duo
1817 3230 1953 3283 dum
1996 3230 2233 3302 peregri,

202 3301 439 3357 Tarenti
474 3300 539 3354 ni
576 3299 763 3369 fallor,
799 3314 917 3354 rem
951 3302 1246 3370 paternam
1283 3300 1615 3370 disperdunt
1641 3301 1762 3371 <v1=
1801 3300 1869 3356 cf.
1900 3301 1992 3355 IV.
2022 3301 2111 3370 V),
2148 3300 2235 3355 in-

198 3374 427 3442 proviso
477 3388 515 3426 a
550 3369 811 3441 patribus
847 3370 1106 3425 visuntur
1131 3371 1303 3441 (V'HIz
1343 3371 1412 3426 ef.
1442 3372 1535 3425 IX.
1565 3372 1651 3443 X).
1718 3371 1964 3436 Quorum
2001 3372 2234 3428 alterius

202 3445 386 3500 amica
432 3445 563 3498 erat
599 3440 912 3496 Tarentilla
949 3441 1035 3513 (fr.
1063 3442 1129 3497 Π.
1158 3442 1273 3512 XI).
1346 3442 1578 3497 Duobus
1625 3442 2079 3498 adulescentibus
2121 3443 2233 3498 duo

201 3514 459 3571 adiuncti
506 3514 742 3567 fuerunt
787 3512 933 3567 servi
980 3513 1065 3583 (fr.
1093 3513 1258 3583 VHI).
1333 3512 1789 3568 Reconciliantur
1833 3516 2023 3585 patres
2065 3513 2234 3570 certis

197 3585 449 3658 legibus,
490 3585 567 3640 ad
607 3599 748 3651 quas
785 3582 848 3638 fr.
879 3583 981 3637 XII
1016 3583 1277 3654 pertinet.
1945 3623 1960 3636 ,.
2019 3617 2033 3636 ,
