2610 4007
364 157 493 222 378
692 156 1225 213 ANONYMORVM
1260 156 1618 211 MIMORVM
1655 154 2047 221 RELIQVIAE

363 343 549 404 muS‚
630 325 714 385 ut
786 321 995 386 mimi
1067 321 1349 404 solent,
1424 323 1498 383 et
1573 323 1921 403 optemus
1994 341 2030 382 a
2102 317 2399 382 Libero

364 450 658 511 aquam,
714 450 750 491 a
803 427 1169 511 Lymphis
1224 427 1526 491 uinum.'

505 566 721 620 Ibidem
748 565 826 619 VI
865 574 891 622 1
937 568 1027 620 ‘ne
1065 567 1418 620 absurditate
1455 564 1795 635 turpissima,
1839 564 2024 633 qualis
2061 565 2402 619 ioculariter

363 637 422 689 in
478 636 647 691 mimo
703 637 822 690 fieri
880 637 1052 706 soletr
1108 640 1395 706 peteretur
1451 654 1485 690 a
1539 637 1740 691 Libero
1799 653 1972 705 aqua,
2031 653 2064 689 a
2118 636 2398 706 Lymphis

363 708 558 832 ninam
596 783 622 834 t
651 751 662 763 .
694 752 723 806 3
755 710 906 776 quod
944 726 1069 762 cum
1105 710 1168 762 fit
1205 709 1279 762 ab
1320 708 1627 762 scientibus
1663 707 1874 776 mimis,
1925 707 2093 777 digne
2130 707 2400 761 ridentur

363 798 423 832 in
528 796 594 833 ea
623 797 700 834 rc.

1336 949 1421 1006 IX

366 1103 688 1114 ......
739 1073 775 1115 o
824 1050 1155 1114 dominum
1202 1072 1479 1134 aequum
1525 1052 1589 1113 et
1636 1048 1903 1112 bonum!

496 1189 806 1244 ‘Suetonius
855 1189 973 1244 Oct.
1019 1195 1086 1243 53
1137 1188 1373 1242 ‘domini
1424 1187 1866 1257 appellationem
1910 1190 1976 1241 ut
2020 1187 2394 1242 maledictum

364 1265 424 1316 et
460 1261 819 1331 opprobrium
856 1277 1072 1330 semper
1108 1259 1408 1314 exhorruit.
1476 1277 1603 1313 cum
1635 1262 1923 1328 spectante
1954 1276 2019 1313 eo
2056 1259 2222 1313 ludos
2260 1276 2389 1328 pro-

362 1332 687 1387 nuntiatum
723 1334 872 1386 esset
914 1331 975 1384 in
1010 1331 1206 1386 mimo:
1257 1348 1289 1385 o
1331 1330 1691 1384 dominum’
1734 1347 1780 1385 e.
1811 1348 1863 1398 q.
1896 1349 1936 1384 s.
2016 1331 2096 1384 ‘et
2136 1329 2390 1384 uniuersi

364 1404 529 1473 quasi
584 1405 653 1457 de
708 1403 831 1473 ipso
887 1403 1101 1456 dictum
1155 1402 1473 1457 exultantes
1529 1402 2011 1471 comprobassent,
2077 1404 2135 1455 et
2190 1401 2391 1455 statim
2494 1435 2504 1447 ·

363 1494 534 1530 manu
580 1475 853 1543 uultuque
899 1473 1191 1528 indecoras
1238 1472 1595 1527 adulationes
1641 1472 1908 1542 repressit
1954 1475 2012 1526 et
2064 1472 2390 1540 insequenti

364 1547 456 1600 die
493 1546 825 1617 grauissimo
864 1544 1131 1616 corripuit
1169 1544 1396 1599 edicto.'
1463 1544 1617 1598 Idem
1652 1547 1846 1597 narrat
1885 1543 2111 1598 Orosius
2139 1544 2218 1596 VI
2256 1550 2342 1596 22.

1351 1784 1404 1841 X

498 1894 819 1978 Vopiscus
873 1892 1208 1958 Aureliani
1268 1915 1319 1957 c.
1358 1894 1445 1956 42
1512 1893 1617 1956 ‘ut
1680 1893 1840 1957 bene
1902 1893 2145 1957 dictum
2205 1894 2293 1957 sit
2353 1916 2389 1956 a

368 2001 643 2086 quodam
689 2000 948 2065 mimico
1006 2022 1225 2064 scurra
1274 1997 1524 2064 Claudii
1577 1997 1770 2066 huius
1824 1999 2254 2085 temporibus,
2311 2001 2386 2064 in

366 2131 511 2173 uno
595 2107 821 2173 anulo
904 2107 1146 2171 bonos
1225 2107 1620 2190 principes
1701 2129 1925 2191 posse
2002 2108 2387 2191 perscribi

368 2223 596 2301 atque
654 2214 1008 2300 depingi?

519 2356 671 2409 Vnde
704 2371 888 2409 vermos
924 2355 1095 2420 effecit
1131 2352 1438 2407 Salmasius
1473 2353 1592 2407 hos:
1641 2351 1703 2404 in
1740 2352 1910 2406 anulo
1947 2368 2058 2405 uno
2104 2352 2387 2422 principes

365 2429 602 2496 possunt
637 2424 772 2479 boni
807 2424 987 2479 Scribi
1025 2427 1194 2491 atque
1231 2423 1406 2494 pingi.
1463 2425 1645 2478 Aliter
1676 2426 2025 2493 transpositis
2058 2425 2236 2479 verbis
2273 2426 2390 2478 alia

367 2500 512 2565 effici
544 2503 791 2567 possum.

1333 2662 1418 2720 XI

504 2774 709 2839 Iulius
750 2773 1152 2858 Capitolinus
1199 2774 1275 2836 de
1322 2773 1456 2837 vita
1500 2772 1587 2835 Μ.
1624 2770 1940 2837 Antonini
1979 2774 2062 2837 29
2111 2774 2390 2837 ‘crimini

371 2883 429 2946 ei
486 2883 705 2946 datum
762 2886 858 2947 est
915 2881 1088 2964 quod
1142 2868 1468 2944 adulteros
1519 2879 1741 2943 uxoris
1794 2880 2193 2964 promouerit
2239 2879 2391 2965 ,Ter-

368 2991 605 3053 tullum
681 2991 746 3053 et
806 2987 1086 3054 Vtilium
1158 2992 1222 3051 et
1287 2984 1632 3070 Orphitum
1708 2990 1772 3050 et
1835 2985 2240 3053 Moderatum
2314 2987 2388 3050 ad

369 3096 584 3161 uarios
638 3093 942 3179 honoreS,
1006 3116 1152 3159 cum
1207 3092 1567 3157 Tertullum
1635 3095 1698 3156 et
1761 3094 2178 3177 prandentem
2245 3115 2390 3157 cum

370 3224 571 3266 uxore
618 3199 1120 3284 deprehenderit.
1213 3199 1289 3263 de
1347 3220 1474 3283 quo
1520 3199 1758 3262 mimus
1812 3199 1880 3262 in
1935 3186 2174 3262 scaena
2214 3221 2390 3283 prae—

367 3314 549 3375 sente
604 3306 937 3372 Antonino
1000 3307 1189 3371 dixit:
1254 3327 1402 3369 cum
1467 3305 1762 3388 stupidus
1825 3327 2059 3370 nomen
2118 3306 2390 3371 adulteri

368 3417 592 3482 uxoris
647 3438 684 3478 a
737 3434 924 3478 seruo
982 3415 1318 3496 quaereret
1372 3414 1436 3474 et
1490 3411 1599 3475 ille
1665 3411 1901 3475 diceret
1964 3414 2063 3474 ter
2117 3412 2388 3478 Tullus
2465 3450 2468 3455 ·

370 3526 436 3584 et
483 3521 688 3583 adhuc
734 3519 1031 3602 stupidus
1078 3522 1437 3601 quaereret,
1482 3517 1811 3602 respondit
1857 3518 1992 3583 ille:
2047 3520 2193 3584 iam
2240 3521 2387 3585 tibi
