2610 4007
1026 161 1423 217 IVVENTIVS
2153 161 2238 225 95

769 367 877 426 EX
923 366 1011 426 IN
1014 365 1293 426 CERTIS
1341 364 1681 424 FABVLIS

1207 490 1238 548 Ι

1386 590 1622 677 gaudia

212 691 346 762 'Sua
392 697 449 761 si
498 696 719 761 omnes
763 696 1058 762 homines
1103 696 1438 762 conferant
1480 719 1680 761 unum
1725 695 1798 760 sn
1839 695 2081 781 locum,

210 802 461 868 'samen
505 825 647 868 mea
692 804 1033 889 exsuperet
1076 803 1341 868 laetitia.

356 924 538 979 Varro
590 924 660 978 de
709 924 821 979 1.1.
862 925 940 979 VI
990 930 1060 980 50
1104 924 1178 979 M.
1239 924 1525 979 ‘laetari
1580 924 1654 978 ab
1710 940 1800 995 ec,
1858 927 2009 993 quod
2066 924 2244 979 latius

217 994 492 1065 gaudium
521 997 755 1076 propter
790 995 985 1067 magni
1019 995 1159 1050 boni
1176 1013 1181 1016 *
1197 995 1520 1065 opinionem
1569 995 1847 1050 diffusum.
1922 995 2117 1065 itaque
2152 996 2243 1049 Iu-

219 1066 448 1121 uentius
480 1069 587 1122 ait:
625 1066 858 1136 gaudia’
891 1083 936 1122 e.
959 1085 1010 1135 q.
1034 1085 1075 1122 s.
1133 1066 1357 1136 (Deficit
1382 1066 1476 1121 hic
1503 1066 1563 1120 F.
1602 1066 1924 1121 iuuentus
1961 1067 2242 1122 fHPar.a

217 1136 535 1192 iufiecius
579 1138 704 1193 Par.
742 1137 781 1191 b
829 1136 1193 1192 Terentius
1230 1137 1661 1207 Rholandellus)

364 1250 396 1296 2
437 1259 628 1327 omnes
664 1242 969 1368 homine'sfl—i
995 1244 1184 1298 omnia
1219 1260 1413 1325 omnes
1449 1245 1519 1301 L.
1558 1245 1900 1316 Spengelius‚
1945 1262 2058 1301 non
2101 1246 2243 1299 male

324 1316 591 1371 Trochaez
625 1316 762 1370 tales
796 1332 909 1384 gau
973 1331 1008 1369 a
1046 1332 1148 1370 sua
1187 1333 1235 1369 si
1263 1318 1455 1370 omnes
1495 1357 1508 1372 .
1539 1360 1552 1371 .
1583 1360 1594 1370 .
1626 1358 1639 1372 .
1678 1315 1864 1369 locum
1882 1315 2098 1369 Tamen
2115 1332 2244 1370 mea

226 1387 525 1456 exsuperet
541 1384 767 1440 laetitia
786 1389 1141 1457 praeplacent
1167 1389 1313 1443 aliis.
1356 1388 1437 1455 Cf.
1464 1387 1523 1443 Ο.
1545 1388 1900 1459 Bruqmawus
1920 1387 1953 1442 l.
1974 1388 2009 1443 l.
2029 1391 2098 1440 48

1191 1538 1255 1595 II

1386 1638 1655 1723 pallium

217 1744 366 1811 Non
417 1743 583 1809 facio
630 1744 815 1809 flocci
861 1748 936 1809 ut
980 1743 1327 1829 sple'ndeat.

362 1864 580 1919 Gellius
616 1864 798 1919 XVIII
837 1871 927 1935 12,
969 1872 1000 1920 2
1043 1864 1134 1918 ‘id
1178 1882 1402 1933 quoque
1447 1865 1706 1921 habitum
1748 1868 1835 1919 est
1877 1865 1939 1920 in
1984 1865 2241 1921 oratione

220 1936 480 1990 facienda
517 1934 836 2007 elegantiae
872 1953 1076 2007 genus,
1122 1939 1188 1991 ut
1230 1953 1333 2018 pro
1369 1937 1559 1992 uerbis
1605 1936 1946 1991 habentibus
1981 1936 2242 2009 patiendi

225 2008 461 2079 figuram
499 2006 730 2078 agentia
764 2012 1037 2078 ponerent
1066 2025 1131 2062 ac
1161 2009 1364 2062 demde
1401 2009 1541 2064 haec
1568 2009 1693 2064 uice
1720 2008 1866 2063 inter
1893 2026 2015 2065 sese
2043 2012 2242 2064 mutua

223 2082 523 2134 uerterent.
595 2079 886 2134 quentius
922 2078 984 2133 in
1022 2079 1338 2135 comoedia:
1392 2079 1656 2150 pallium,
1694 2079 1902 2149 inquit,
1939 2098 2055 2135 non
2091 2079 2240 2134 facio

222 2150 259 2205 f.
296 2154 361 2204 ut
399 2168 441 2205 s.
516 2150 716 2204 Nonne
761 2150 869 2204 hoc
913 2149 1181 2220 inpendio
1227 2151 1521 2206 uenustius
1565 2150 1892 2221 gratiusque
1939 2155 2028 2207 est
2071 2168 2242 2220 quam

224 2221 270 2274 si
306 2221 545 2276 dicerete
582 2221 953 2277 maculetur‘?’
1006 2221 1396 2292 (quentius
1432 2222 1763 2292 Rutgersius
1800 2222 1959 2278 Varr.
1997 2221 2127 2277 lect.
2164 2222 2243 2276 IV

226 2299 288 2348 19
325 2292 654 2347 iuuentus
693 2310 734 2348 s.
773 2292 1101 2347 inuentus
1138 2305 1184 2362 ψ
1222 2293 1567 2348 terentius
1604 2294 1799 2364 Magl.)

361 2407 393 2453 2
431 2416 546 2454 non
582 2398 730 2454 facio
767 2415 867 2454 om.
899 2400 1031 2455 Par.
1062 2400 1241 2471 Luyd.
1272 2400 1451 2472 Mayl.
1493 2400 1583 2463 ·S·
1622 2400 1775 2456 Dan.
1807 2400 1922 2455 Pet.
1963 2402 2055 2459 ·2·
2096 2400 2241 2455 Voss.

225 2473 438 2541 (quibus
464 2472 639 2542 sionis
664 2472 880 2526 videtwr
908 2473 1112 2526 lacwna
1136 2473 1397 2542 mdican)
1451 2472 1687 2527 Iambici
1712 2471 1982 2527 octonarii
2005 2471 2246 2539 frustum

228 2584 411 2598 .....
450 2540 691 2611 pallium
726 2540 887 2595 flocci
921 2558 1035 2596 non
1071 2540 1220 2596 facio
1256 2545 1323 2596 ut
1360 2559 1400 2597 s.
1444 2542 1822 2599 medeci-senus
1856 2544 2247 2599 commendavit

1188 2693 1282 2751 ΠΙ

285 2846 299 2859 .
345 2845 360 2863 .
410 2797 605 2878 caput
650 2794 708 2858 ei
755 2794 1043 2858 testatim
1091 2794 1447 2880 disti-egero,

364 2913 651 2970 Charisius
686 2933 741 2985 p.
784 2921 885 2970 196
924 2916 984 2971 P.
1041 2915 1397 2971 ‘testatim
1432 2914 1746 2972 quentius:
1786 2918 1958 2997 caput
1994 2914 2047 2969 ei
2084 2917 2124 2969 t.
2166 2914 2242 2968 d.’

225 2985 807 3111 {ergani-aventius
846 2990 1053 3056 caput
1088 2986 1271 3040 minus
1310 2989 1464 3041 certa
1502 2986 1613 3041 sibi
1651 3003 1975 3057 apparuisse
2003 2987 2249 3040 testatur

278 3101 290 3113 .
383 3073 413 3112 e
483 3075 565 3114 us.

368 3163 678 3233 ‹leffregero
715 3166 828 3221 cod.
870 3164 1161 3236 defregero
1199 3166 1496 3221 Putschius

1170 3314 1300 3374 IV*

230 3414 274 3496 †
315 3416 407 3480 ita
453 3414 775 3500 tradedeq.
823 3415 893 3479 in
937 3437 1006 3480 re
1052 3437 1193 3499 neq.
1241 3416 1310 3479 in

230 3518 549 3588 Iudicium
593 3521 832 3607 Aesopi
877 3523 997 3588 nec
1043 3522 1280 3587 theatri
1329 3521 1595 3587 trsttiles
