2610 4007
376 139 507 203 364
1024 136 1340 191 DECIMVS
1377 136 1695 192 LABERIV
1698 137 1733 191 S

375 299 522 352 unde
561 298 841 366 Bohillae‚
890 297 1159 367 oppidum
1193 297 1254 350 in
1289 296 1484 364 Italia,
1526 297 1678 365 quod
1715 313 1780 351 eo
1818 297 1921 350 bos
1959 296 2233 351 intestina
2269 296 2404 349 uul-

374 385 506 423 nere
542 370 772 423 trahens
809 369 1119 423 aduenerit.
1194 367 1490 424 Laberius:
1529 368 1696 422 labit’
1729 385 1775 423 e.
1805 386 1858 437 q.
1889 386 1930 422 s,

516 484 692 538 lauite
728 484 866 538 item
900 487 1098 554 scripsi
1140 483 1425 538 lauititem
1462 485 1529 538 H
1538 483 1559 514 ²
1604 483 1905 538 labitatem
1943 484 2111 538 F¹H
2121 484 2204 537 ¹L
2248 483 2400 536 labi-

372 555 538 609 titem
585 577 629 624 φ
798 555 959 608 illam
1006 556 1232 610 FH1L
1401 572 1576 624 coque
1623 556 1812 610 Vrbin.
1851 561 1952 609 307
2125 554 2401 608 caedetur

378 626 564 697 flagris
600 629 798 696 scripsi
831 626 1022 696 flagris
1060 626 1278 680 ceditur
1305 628 1504 697 me.
1543 625 1763 695 fragilis
1802 626 2021 680 ceditur
2048 626 2404 680 EFH¹LP

372 697 609 837 §raffxglis
647 697 899 751 caeditor
934 700 1073 753 coni.
1101 715 1142 752 ω
1178 699 1415 766 (Probus
1445 698 1596 753 GGL
1622 697 1700 751 IV
1729 702 1848 766 198,
1879 703 1909 751 9
1943 698 2255 768 ‘flayellam‚
2282 713 2400 750 non

399 787 529 840 raye
574 770 713 838 um’)

1308 900 1457 958 XIII

507 1000 757 1066 Plinius
792 1024 853 1066 n.
881 1001 944 1066 h.
977 1001 1071 1066 IX
1112 1002 1212 1085 17,
1242 1002 1326 1065 28
1367 1002 1612 1085 ‘postea
1651 1001 2160 1085 praeci‘puam'
2198 1000 2397 1085 (inter

376 1105 611 1194 pisces)
651 1108 1217 1173 ‘auctoritatem
1253 1108 1492 1172 fuisse
1539 1109 1718 1192 lupo
1757 1112 1831 1172 et
1871 1107 2137 1172 asellis
2173 1107 2397 1202 Nepos

379 1212 712 1278 Cornelius
759 1219 822 1278 et
868 1215 1177 1279 Laberius
1220 1219 1413 1299 poeta
1458 1216 1803 1279 mimorum
1848 1214 2208 1278 tradidere.'

1240 1451 1241 1454 ’
1316 1433 1457 1491 XIV

378 1584 814 1599 .....
909 1534 1154 1617 [aliqua
1198 1534 1409 1619 parte]
1459 1535 1780 1598 euulserat

517 1662 816 1716 Diomedes
853 1681 905 1732 p.
938 1669 1039 1717 369
1078 1664 1137 1717 Ρ.
1181 1663 1352 1717 ‘uello
1399 1663 1564 1717 uellis
1610 1663 1817 1733 uulsi,
1867 1663 1965 1718 sed
2008 1663 2210 1718 melius
2257 1663 2395 1717 uelli

423 1775 434 1788 .
468 1777 478 1786 .
517 1733 812 1788 Laberius:
851 1734 1044 1803 aliqua
1079 1737 1241 1804 parte
1275 1735 1354 1804 p.’

519 1846 712 1915 aliqua
746 1851 907 1917 parte
942 1851 1295 1919 yrammatico
1331 1851 1552 1919 reliquit
1588 1851 1808 1906 Keilius
1950 1850 2235 1905 euulserat
2272 1853 2396 1905 Bae

388 1918 691 1972 'euulserat
726 1935 860 1974 corr.
898 1920 1189 1991 {mulserat
1225 1921 1450 1976 Monac.
1488 1921 1875 1990 praeuulserat
1912 1944 1955 1992 φ

1331 2125 1442 2183 XV

697 2276 710 2289 .
802 2224 1041 2289 coicior
1084 2225 1154 2289 in
1198 2225 1573 2291 fullonicam

516 2346 617 2401 XV
639 2364 720 2414 sq.
760 2346 973 2401 Gellius
1010 2346 1138 2400 XVI
1176 2353 1224 2415 7,
1259 2353 1290 2400 5
1339 2347 1420 2401 eis
1458 2364 1603 2416 quae
1642 2347 1714 2401 ad
1750 2348 1903 2401 XVII
1939 2349 2392 2418 transcripsimus

374 2418 514 2471 haec
553 2417 817 2473 subiecit:
861 2419 941 2471 ‘et
978 2417 1243 2471 coicior
1276 2418 1465 2487 inquit
1501 2418 1571 2471 in
1606 2419 1644 2473 f.
1683 2421 1742 2473 et
1779 2419 2022 2490 [XVI⁸].'

1292 2622 1472 2680 XVp

377 2720 544 2799 Quid
589 2721 942 2806 properas?
1008 2723 1233 2806 ecquid
1279 2724 1640 2807 praecurris
1687 2722 2126 2788 Calidoniam?

497 2861 718 2942 ‘ecquid
748 2863 932 2917 Petav.
972 2826 1096 2930 ὰςίᾱ
1128 2863 1304 2918 Germ.
1345 2862 1482 2930 quid
1518 2884 1561 2932 φ
1688 2839 1901 2935 {curris
1935 2864 2115 2935 Layd.
2248 2864 2390 2919 cali-

378 2933 605 2986 doniam
641 2936 854 3003 scripsi,
890 2935 1005 2988 scil.
1042 2935 1372 2988 Atalantam
1415 2932 1676 2987 caldonia
1713 2955 1755 2988 ω

1294 3129 1475 3195 XVIb

376 3237 659 3302 Maereo:
706 3260 885 3302 mens
931 3238 1303 3323 incorrupta
1349 3238 1670 3303 miseriter
1714 3240 2161 3324 corrumpitur.

513 3367 729 3421 Nonius
768 3374 888 3435 517,
922 3374 949 3421 1
993 3368 1364 3422 ‘miscriter
1410 3386 1510 3438 pro
1547 3368 1764 3423 misere.
1837 3370 2107 3423 Laberius
2143 3371 2386 3424 mereo’

374 3454 420 3490 e.
459 3457 510 3506 q.
551 3456 591 3493 s,
659 3442 900 3508 (mareo
946 3440 1028 3493 Ba
1047 3440 1118 3491 L¹
1177 3440 1402 3493 Marco
1453 3456 1553 3508 pro
1600 3439 1769 3494 titulo
1815 3440 2042 3495 fabulae
2089 3441 2175 3494 ed.
2213 3441 2388 3511 princ.

374 3509 680 3575 eademque
746 3509 1007 3578 opinione
1075 3510 1228 3563 ducti
1297 3509 1493 3565 ceteri:
1554 3510 1782 3565 Macco
1837 3512 2109 3566 Bentinus
2173 3513 2389 3566 Nereo
