<?xml version="1.0" encoding="UTF-8"?>
<!DOCTYPE html PUBLIC "-//W3C//DTD XHTML 1.0 Transitional//EN"
    "http://www.w3.org/TR/xhtml1/DTD/xhtml1-transitional.dtd">
<html xmlns="http://www.w3.org/1999/xhtml" xml:lang="en" lang="en">
 <head>
  <title>
</title>
<meta http-equiv="Content-Type" content="text/html;charset=utf-8" />
  <meta name='ocr-system' content='tesseract 3.04.00' />
  <meta name='ocr-capabilities' content='ocr_page ocr_carea ocr_par ocr_line ocrx_word'/>
</head>
<body>
  <div class='ocr_page' id='page_1' title='image "./scaenicaeromano09ribbgoog_0312.png"; bbox 0 0 2610 4007; ppageno 0'>
   <div class='ocr_carea' id='block_1_1' title="bbox 360 197 1894 263">
    <p class='ocr_par' dir='ltr' id='par_1_1' title="bbox 360 197 1894 263">
     <span class='ocr_line' id='line_1_1' title="bbox 360 197 1894 263; baseline -0.001 -10"><span class='ocrx_word' id='word_1_1' title='bbox 360 198 493 263; x_wconf 85' lang='lat'><strong>300</strong></span> <span class='ocrx_word' id='word_1_2' title='bbox 849 199 908 253; x_wconf 90' lang='lat' dir='ltr'><strong>L.</strong></span> <span class='ocrx_word' id='word_1_3' title='bbox 947 197 1370 252; x_wconf 84' lang='lat' dir='ltr'><strong>POMPONIVS</strong></span> <span class='ocrx_word' id='word_1_4' title='bbox 1406 198 1894 252; x_wconf 84' lang='lat' dir='ltr'>BONONIENSIS</span> 
     </span>
    </p>
   </div>
   <div class='ocr_carea' id='block_1_2' title="bbox 260 386 2018 679">
    <p class='ocr_par' dir='ltr' id='par_1_2' title="bbox 260 386 2018 679">
     <span class='ocr_line' id='line_1_2' title="bbox 1328 386 1416 443; baseline 0.023 -2"><span class='ocrx_word' id='word_1_5' title='bbox 1328 386 1416 443; x_wconf 86' lang='lat' dir='ltr'><strong>VI</strong></span> 
     </span>
     <span class='ocr_line' id='line_1_3' title="bbox 1198 486 2018 571; baseline 0.001 -21"><span class='ocrx_word' id='word_1_6' title='bbox 1198 488 1362 570; x_wconf 75' lang='lat' dir='ltr'><strong>quae</strong></span> <span class='ocrx_word' id='word_1_7' title='bbox 1407 486 1733 571; x_wconf 90' lang='lat' dir='ltr'><strong>peditibus</strong></span> <span class='ocrx_word' id='word_1_8' title='bbox 1777 487 2018 551; x_wconf 77' lang='lat' dir='ltr'><strong>nubere</strong></span> 
     </span>
     <span class='ocr_line' id='line_1_4' title="bbox 260 592 1644 679; baseline 0 -21"><span class='ocrx_word' id='word_1_9' title='bbox 260 608 360 658; x_wconf 82' lang='lat'><strong>155</strong></span> <span class='ocrx_word' id='word_1_10' title='bbox 380 592 717 679; x_wconf 78' lang='lat' dir='ltr'><strong>Poterant,</strong></span> <span class='ocrx_word' id='word_1_11' title='bbox 765 594 1012 678; x_wconf 77' lang='lat' dir='ltr'><strong>equites</strong></span> <span class='ocrx_word' id='word_1_12' title='bbox 1058 595 1318 678; x_wconf 79' lang='lat' dir='ltr'><strong>sperant</strong></span> <span class='ocrx_word' id='word_1_13' title='bbox 1361 616 1644 679; x_wconf 85' lang='lat' dir='ltr'><strong>spureae.</strong></span> 
     </span>
    </p>
   </div>
   <div class='ocr_carea' id='block_1_3' title="bbox 365 715 2405 856">
    <p class='ocr_par' dir='ltr' id='par_1_3' title="bbox 365 715 2405 856">
     <span class='ocr_line' id='line_1_5' title="bbox 507 715 2405 785; baseline -0.001 -16"><span class='ocrx_word' id='word_1_14' title='bbox 507 715 725 769; x_wconf 88' lang='lat' dir='ltr'><strong>Nonius</strong></span> <span class='ocrx_word' id='word_1_15' title='bbox 755 722 876 785; x_wconf 82' lang='lat'>394,</span> <span class='ocrx_word' id='word_1_16' title='bbox 900 721 965 769; x_wconf 84' lang='lat'><strong>15</strong></span> <span class='ocrx_word' id='word_1_17' title='bbox 999 717 1336 785; x_wconf 82' lang='lat' dir='ltr'><strong>‘spurcum</strong></span> <span class='ocrx_word' id='word_1_18' title='bbox 1373 715 1657 785; x_wconf 85' lang='lat' dir='ltr'><strong>signifieat</strong></span> <span class='ocrx_word' id='word_1_19' title='bbox 1692 717 1997 770; x_wconf 80' lang='lat' dir='ltr'><strong>obscenum</strong></span> <span class='ocrx_word' id='word_1_20' title='bbox 2025 718 2084 769; x_wconf 94' lang='lat' dir='ltr'><strong>et</strong></span> <span class='ocrx_word' id='word_1_21' title='bbox 2110 715 2405 784; x_wconf 88' lang='lat' dir='ltr'><strong>impurum</strong></span> 
     </span>
     <span class='ocr_line' id='line_1_6' title="bbox 365 786 2154 856; baseline 0.002 -17"><span class='ocrx_word' id='word_1_22' title='bbox 365 787 423 839; x_wconf 93' lang='lat' dir='ltr'><strong>et</strong></span> <span class='ocrx_word' id='word_1_23' title='bbox 458 786 801 841; x_wconf 90' lang='lat' dir='ltr'><strong>lutulentum</strong></span> <span class='ocrx_word' id='word_1_24' title='bbox 839 830 852 843; x_wconf 91' lang='lat'><strong>.</strong></span> <span class='ocrx_word' id='word_1_25' title='bbox 885 830 896 842; x_wconf 94' lang='lat'><strong>.</strong></span> <span class='ocrx_word' id='word_1_26' title='bbox 930 830 941 841; x_wconf 89' lang='lat'><strong>.</strong></span> <span class='ocrx_word' id='word_1_27' title='bbox 980 787 1322 856; x_wconf 76' lang='lat' dir='ltr'>Pomponius</span> <span class='ocrx_word' id='word_1_28' title='bbox 1359 786 1706 843; x_wconf 82' lang='lat' dir='ltr'><strong>Prostibulo:</strong></span> <span class='ocrx_word' id='word_1_29' title='bbox 1747 788 1915 855; x_wconf 90' lang='lat' dir='ltr'><strong>quae’</strong></span> <span class='ocrx_word' id='word_1_30' title='bbox 1947 803 1993 841; x_wconf 92' lang='lat' dir='ltr'><strong>e.</strong></span> <span class='ocrx_word' id='word_1_31' title='bbox 2026 804 2078 854; x_wconf 91' lang='lat' dir='ltr'><strong>q.</strong></span> <span class='ocrx_word' id='word_1_32' title='bbox 2111 804 2154 842; x_wconf 78' lang='lat' dir='ltr'><strong>s,</strong></span> 
     </span>
    </p>
   </div>
   <div class='ocr_carea' id='block_1_4' title="bbox 364 893 2412 1037">
    <p class='ocr_par' dir='ltr' id='par_1_4' title="bbox 364 893 2412 1037">
     <span class='ocr_line' id='line_1_7' title="bbox 510 893 2412 964; baseline -0.001 -18"><span class='ocrx_word' id='word_1_33' title='bbox 510 899 537 946; x_wconf 94' lang='lat'>1</span> <span class='ocrx_word' id='word_1_34' title='bbox 577 893 866 964; x_wconf 71' lang='lat' dir='ltr'><strong>peditibus</strong></span> <span class='ocrx_word' id='word_1_35' title='bbox 907 911 1002 947; x_wconf 71' lang='lat' dir='ltr'><strong>me.</strong></span> <span class='ocrx_word' id='word_1_36' title='bbox 1038 894 1355 949; x_wconf 79' lang='lat' dir='ltr'><strong>Oasauboni</strong></span> <span class='ocrx_word' id='word_1_37' title='bbox 1398 893 1640 963; x_wconf 87' lang='lat' dir='ltr'><strong>pedibus</strong></span> <span class='ocrx_word' id='word_1_38' title='bbox 1680 915 1724 962; x_wconf 86' lang='grc' dir='ltr'><strong>φ</strong></span> <span class='ocrx_word' id='word_1_39' title='bbox 1899 900 1929 947; x_wconf 82' lang='lat'><strong>2</strong></span> <span class='ocrx_word' id='word_1_40' title='bbox 1974 910 2089 947; x_wconf 90' lang='lat' dir='ltr'><strong>non</strong></span> <span class='ocrx_word' id='word_1_41' title='bbox 2132 895 2412 962; x_wconf 83' lang='lat' dir='ltr'><strong>poterant</strong></span> 
     </span>
     <span class='ocr_line' id='line_1_8' title="bbox 364 965 1491 1037; baseline 0 -17"><span class='ocrx_word' id='word_1_42' title='bbox 364 968 467 1033; x_wconf 83' lang='lat' dir='ltr'><strong>(vel</strong></span> <span class='ocrx_word' id='word_1_43' title='bbox 502 981 808 1033; x_wconf 80' lang='lat' dir='ltr'><strong>numquam</strong></span> <span class='ocrx_word' id='word_1_44' title='bbox 845 965 1055 1018; x_wconf 88' lang='lat' dir='ltr'><strong>nubere</strong></span> <span class='ocrx_word' id='word_1_45' title='bbox 1089 966 1096 1037; x_wconf 82' lang='grc' dir='ltr'>Ι</span> <span class='ocrx_word' id='word_1_46' title='bbox 1128 967 1414 1035; x_wconf 81' lang='lat' dir='ltr'><strong>poterant)</strong></span> <span class='ocrx_word' id='word_1_47' title='bbox 1450 984 1491 1020; x_wconf 76' lang='lat' dir='ltr'><strong><em>x</em></strong></span> 
     </span>
    </p>
   </div>
   <div class='ocr_carea' id='block_1_5' title="bbox 366 1169 2412 1442">
    <p class='ocr_par' dir='ltr' id='par_1_5' title="bbox 366 1169 2412 1442">
     <span class='ocr_line' id='line_1_9' title="bbox 1324 1169 1443 1227; baseline 0 0"><span class='ocrx_word' id='word_1_48' title='bbox 1324 1169 1443 1227; x_wconf 89' lang='lat' dir='ltr'><strong>VH</strong></span> 
     </span>
     <span class='ocr_line' id='line_1_10' title="bbox 366 1269 2412 1355; baseline -0.001 -21"><span class='ocrx_word' id='word_1_49' title='bbox 366 1269 523 1347; x_wconf 85' lang='lat' dir='ltr'><strong>Quis</strong></span> <span class='ocrx_word' id='word_1_50' title='bbox 580 1269 687 1335; x_wconf 73' lang='lat' dir='ltr'><strong>hio</strong></span> <span class='ocrx_word' id='word_1_51' title='bbox 745 1271 889 1335; x_wconf 82' lang='lat' dir='ltr'><strong>est‘?</strong></span> <span class='ocrx_word' id='word_1_52' title='bbox 974 1293 1166 1354; x_wconf 83' lang='lat' dir='ltr'><strong>quam</strong></span> <span class='ocrx_word' id='word_1_53' title='bbox 1223 1270 1447 1335; x_wconf 87' lang='lat' dir='ltr'><strong>obrem</strong></span> <span class='ocrx_word' id='word_1_54' title='bbox 1500 1270 1607 1335; x_wconf 84' lang='lat' dir='ltr'><strong>hio</strong></span> <span class='ocrx_word' id='word_1_55' title='bbox 1661 1271 1959 1355; x_wconf 77' lang='lat' dir='ltr'><strong>prostat?</strong></span> <span class='ocrx_word' id='word_1_56' title='bbox 2041 1271 2282 1335; x_wconf 82' lang='lat' dir='ltr'><strong>rictum</strong></span> <span class='ocrx_word' id='word_1_57' title='bbox 2339 1274 2412 1333; x_wconf 88' lang='lat' dir='ltr'><strong>et</strong></span> 
     </span>
     <span class='ocr_line' id='line_1_11' title="bbox 1384 1377 2316 1442; baseline 0.001 -1"><span class='ocrx_word' id='word_1_58' title='bbox 1384 1378 1602 1442; x_wconf 64' lang='lat' dir='ltr'><strong>ldbeas</strong></span> <span class='ocrx_word' id='word_1_59' title='bbox 1648 1400 1795 1442; x_wconf 84' lang='lat' dir='ltr'><strong>oum</strong></span> <span class='ocrx_word' id='word_1_60' title='bbox 1842 1377 2174 1442; x_wconf 74' lang='lat' dir='ltr'><strong>considero</strong></span> <span class='ocrx_word' id='word_1_61' title='bbox 2224 1414 2316 1422; x_wconf 90' lang='lat'>—</span> 
     </span>
    </p>
   </div>
   <div class='ocr_carea' id='block_1_6' title="bbox 365 1497 2407 1711">
    <p class='ocr_par' dir='ltr' id='par_1_6' title="bbox 365 1497 2407 1711">
     <span class='ocr_line' id='line_1_12' title="bbox 509 1497 2406 1568; baseline 0.001 -18"><span class='ocrx_word' id='word_1_62' title='bbox 509 1497 728 1552; x_wconf 89' lang='lat' dir='ltr'><strong>Nonius</strong></span> <span class='ocrx_word' id='word_1_63' title='bbox 760 1505 882 1568; x_wconf 85' lang='lat'>456,</span> <span class='ocrx_word' id='word_1_64' title='bbox 916 1506 941 1552; x_wconf 94' lang='lat'>1</span> <span class='ocrx_word' id='word_1_65' title='bbox 989 1499 1260 1554; x_wconf 82' lang='lat' dir='ltr'><strong>‘rictum</strong></span> <span class='ocrx_word' id='word_1_66' title='bbox 1296 1501 1541 1554; x_wconf 84' lang='lat' dir='ltr'><strong>ferarum</strong></span> <span class='ocrx_word' id='word_1_67' title='bbox 1578 1500 1691 1554; x_wconf 83' lang='lat' dir='ltr'><strong>diei</strong></span> <span class='ocrx_word' id='word_1_68' title='bbox 1727 1501 1946 1567; x_wconf 90' lang='lat' dir='ltr'><strong>uolunt,</strong></span> <span class='ocrx_word' id='word_1_69' title='bbox 1983 1517 2110 1553; x_wconf 86' lang='lat' dir='ltr'><strong>oum</strong></span> <span class='ocrx_word' id='word_1_70' title='bbox 2147 1498 2406 1552; x_wconf 83' lang='lat' dir='ltr'><strong>Titinius</strong></span> 
     </span>
     <span class='ocr_line' id='line_1_13' title="bbox 369 1569 2407 1641; baseline 0.001 -20"><span class='ocrx_word' id='word_1_71' title='bbox 369 1571 563 1624; x_wconf 84' lang='lat' dir='ltr'><strong>auctor</strong></span> <span class='ocrx_word' id='word_1_72' title='bbox 617 1570 694 1623; x_wconf 88' lang='lat' dir='ltr'><strong>sit</strong></span> <span class='ocrx_word' id='word_1_73' title='bbox 748 1570 922 1624; x_wconf 83' lang='lat' dir='ltr'><strong>etiam</strong></span> <span class='ocrx_word' id='word_1_74' title='bbox 974 1571 1217 1625; x_wconf 88' lang='lat' dir='ltr'><strong>hominis</strong></span> <span class='ocrx_word' id='word_1_75' title='bbox 1274 1571 1387 1626; x_wconf 82' lang='lat' dir='ltr'><strong>dici</strong></span> <span class='ocrx_word' id='word_1_76' title='bbox 1445 1572 1648 1626; x_wconf 87' lang='lat' dir='ltr'><strong>debere</strong></span> <span class='ocrx_word' id='word_1_77' title='bbox 1698 1614 1710 1627; x_wconf 83' lang='lat'><strong>.</strong></span> <span class='ocrx_word' id='word_1_78' title='bbox 1751 1617 1762 1628; x_wconf 90' lang='lat'>.</span> <span class='ocrx_word' id='word_1_79' title='bbox 1804 1616 1815 1627; x_wconf 86' lang='lat'><strong>.</strong></span> <span class='ocrx_word' id='word_1_80' title='bbox 1865 1571 2002 1626; x_wconf 89' lang='lat' dir='ltr'><strong>item</strong></span> <span class='ocrx_word' id='word_1_81' title='bbox 2051 1569 2407 1641; x_wconf 83' lang='lat' dir='ltr'><strong>Pomponius</strong></span> 
     </span>
     <span class='ocr_line' id='line_1_14' title="bbox 365 1640 1138 1711; baseline 0.003 -17"><span class='ocrx_word' id='word_1_82' title='bbox 365 1640 714 1698; x_wconf 82' lang='lat' dir='ltr'><strong>Prostibulo:</strong></span> <span class='ocrx_word' id='word_1_83' title='bbox 753 1642 901 1710; x_wconf 90' lang='lat' dir='ltr'><strong>quis’</strong></span> <span class='ocrx_word' id='word_1_84' title='bbox 936 1658 981 1697; x_wconf 89' lang='lat' dir='ltr'><strong>e.</strong></span> <span class='ocrx_word' id='word_1_85' title='bbox 1013 1660 1064 1711; x_wconf 87' lang='lat' dir='ltr'><strong>q.</strong></span> <span class='ocrx_word' id='word_1_86' title='bbox 1097 1660 1138 1696; x_wconf 86' lang='lat' dir='ltr'><strong>s.</strong></span> 
     </span>
    </p>
   </div>
   <div class='ocr_carea' id='block_1_7' title="bbox 511 1747 2289 1818">
    <p class='ocr_par' dir='ltr' id='par_1_7' title="bbox 511 1747 2289 1818">
     <span class='ocr_line' id='line_1_15' title="bbox 511 1747 2289 1818; baseline 0.002 -19"><span class='ocrx_word' id='word_1_87' title='bbox 511 1750 637 1814; x_wconf 75' lang='lat' dir='ltr'><strong>quis</strong></span> <span class='ocrx_word' id='word_1_88' title='bbox 675 1747 768 1802; x_wconf 87' lang='lat' dir='ltr'><strong>hio</strong></span> <span class='ocrx_word' id='word_1_89' title='bbox 806 1751 892 1802; x_wconf 90' lang='lat' dir='ltr'><strong>est</strong></span> <span class='ocrx_word' id='word_1_90' title='bbox 929 1750 1034 1803; x_wconf 74' lang='lat' dir='ltr'><strong>alii</strong></span> <span class='ocrx_word' id='word_1_91' title='bbox 1062 1750 1388 1818; x_wconf 75' lang='lat' dir='ltr'><em>praeferant</em></span> <span class='ocrx_word' id='word_1_92' title='bbox 1531 1748 1623 1803; x_wconf 83' lang='lat' dir='ltr'><strong>hio</strong></span> <span class='ocrx_word' id='word_1_93' title='bbox 1659 1750 1892 1806; x_wconf 78' lang='lat' dir='ltr'><strong>alterum</strong></span> <span class='ocrx_word' id='word_1_94' title='bbox 1926 1766 2200 1818; x_wconf 60' lang='lat' dir='ltr'><strong>suprascr.</strong></span> <span class='ocrx_word' id='word_1_95' title='bbox 2230 1749 2289 1802; x_wconf 90' lang='lat' dir='ltr'><strong><em>L</em></strong></span> 
     </span>
    </p>
   </div>
   <div class='ocr_carea' id='block_1_8' title="bbox 365 1953 2410 2351">
    <p class='ocr_par' dir='ltr' id='par_1_8' title="bbox 365 1953 2410 2351">
     <span class='ocr_line' id='line_1_16' title="bbox 1302 1953 1453 2012; baseline 0.013 -2"><span class='ocrx_word' id='word_1_96' title='bbox 1302 1953 1453 2012; x_wconf 90' lang='lat' dir='ltr'><strong>VIII</strong></span> 
     </span>
     <span class='ocr_line' id='line_1_17' title="bbox 366 2050 2410 2139; baseline -0 -22"><span class='ocrx_word' id='word_1_97' title='bbox 366 2050 587 2117; x_wconf 63' lang='lat' dir='ltr'><strong>Isimne</strong></span> <span class='ocrx_word' id='word_1_98' title='bbox 649 2053 990 2119; x_wconf 77' lang='lat' dir='ltr'><strong>abierunt?</strong></span> <span class='ocrx_word' id='word_1_99' title='bbox 1081 2055 1210 2118; x_wconf 64' lang='lat' dir='ltr'><strong>isim</strong></span> <span class='ocrx_word' id='word_1_100' title='bbox 1268 2078 1401 2119; x_wconf 91' lang='lat' dir='ltr'><strong>non</strong></span> <span class='ocrx_word' id='word_1_101' title='bbox 1459 2055 1785 2119; x_wconf 78' lang='lat' dir='ltr'><strong>tundunt?</strong></span> <span class='ocrx_word' id='word_1_102' title='bbox 1875 2055 2085 2119; x_wconf 71' lang='lat' dir='ltr'><strong>iaimne</strong></span> <span class='ocrx_word' id='word_1_103' title='bbox 2148 2075 2268 2139; x_wconf 85' lang='lat' dir='ltr'><strong>ego</strong></span> <span class='ocrx_word' id='word_1_104' title='bbox 2335 2054 2410 2117; x_wconf 87' lang='lat' dir='ltr'><strong>in</strong></span> 
     </span>
     <span class='ocr_line' id='line_1_18' title="bbox 1648 2161 2041 2225; baseline 0 -1"><span class='ocrx_word' id='word_1_105' title='bbox 1648 2162 1792 2224; x_wconf 76' lang='lat' dir='ltr'><strong>tuto</strong></span> <span class='ocrx_word' id='word_1_106' title='bbox 1841 2161 2041 2225; x_wconf 78' lang='lat' dir='ltr'><strong>satis?</strong></span> 
     </span>
     <span class='ocr_line' id='line_1_19' title="bbox 365 2263 2405 2351; baseline -0.001 -20"><span class='ocrx_word' id='word_1_107' title='bbox 365 2264 637 2350; x_wconf 79' lang='lat' dir='ltr'><strong>Nunqui</strong></span> <span class='ocrx_word' id='word_1_108' title='bbox 680 2265 787 2329; x_wconf 85' lang='lat' dir='ltr'><strong>hie</strong></span> <span class='ocrx_word' id='word_1_109' title='bbox 843 2266 1123 2351; x_wconf 64' lang='lat' dir='ltr'><strong>restite‘mt,</strong></span> <span class='ocrx_word' id='word_1_110' title='bbox 1179 2266 1291 2350; x_wconf 92' lang='lat' dir='ltr'><strong>qui</strong></span> <span class='ocrx_word' id='word_1_111' title='bbox 1338 2268 1621 2331; x_wconf 89' lang='lat' dir='ltr'><strong>nondum</strong></span> <span class='ocrx_word' id='word_1_112' title='bbox 1670 2267 1886 2330; x_wconf 51' lang='lat' dir='ltr'><strong>labeas</strong></span> <span class='ocrx_word' id='word_1_113' title='bbox 1931 2265 2144 2330; x_wconf 80' lang='lat' dir='ltr'><strong>liran&#39;t</strong></span> <span class='ocrx_word' id='word_1_114' title='bbox 2187 2263 2405 2328; x_wconf 76' lang='lat' dir='ltr'><strong>mihi?</strong></span> 
     </span>
    </p>
   </div>
   <div class='ocr_carea' id='block_1_9' title="bbox 367 2384 2402 2669">
    <p class='ocr_par' dir='ltr' id='par_1_9' title="bbox 367 2384 2402 2669">
     <span class='ocr_line' id='line_1_20' title="bbox 508 2384 2402 2456; baseline -0.001 -16"><span class='ocrx_word' id='word_1_115' title='bbox 508 2387 725 2441; x_wconf 90' lang='lat' dir='ltr'><strong>Nonius</strong></span> <span class='ocrx_word' id='word_1_116' title='bbox 758 2393 839 2456; x_wconf 85' lang='lat'><strong>18,</strong></span> <span class='ocrx_word' id='word_1_117' title='bbox 874 2392 900 2440; x_wconf 90' lang='lat'><strong>1</strong></span> <span class='ocrx_word' id='word_1_118' title='bbox 941 2387 1266 2441; x_wconf 75' lang='lat' dir='ltr'><strong>‘delirare</strong></span> <span class='ocrx_word' id='word_1_119' title='bbox 1307 2390 1393 2441; x_wconf 85' lang='lat' dir='ltr'><strong>est</strong></span> <span class='ocrx_word' id='word_1_120' title='bbox 1430 2389 1501 2442; x_wconf 89' lang='lat' dir='ltr'><strong>de</strong></span> <span class='ocrx_word' id='word_1_121' title='bbox 1537 2391 1690 2442; x_wconf 85' lang='lat' dir='ltr'><strong>recto</strong></span> <span class='ocrx_word' id='word_1_122' title='bbox 1730 2388 2023 2442; x_wconf 81' lang='lat' dir='ltr'>decedere:</span> <span class='ocrx_word' id='word_1_123' title='bbox 2062 2387 2203 2441; x_wconf 85' lang='lat' dir='ltr'><strong>lera’</strong></span> <span class='ocrx_word' id='word_1_124' title='bbox 2238 2384 2402 2455; x_wconf 83' lang='lat' dir='ltr'><strong>(lira</strong></span> 
     </span>
     <span class='ocr_line' id='line_1_21' title="bbox 367 2457 2399 2528; baseline -0.001 -17"><span class='ocrx_word' id='word_1_125' title='bbox 367 2458 612 2528; x_wconf 88' lang='lat' dir='ltr'><strong>BLMP)</strong></span> <span class='ocrx_word' id='word_1_126' title='bbox 662 2460 772 2513; x_wconf 81' lang='lat' dir='ltr'><strong>‘est</strong></span> <span class='ocrx_word' id='word_1_127' title='bbox 822 2461 1013 2512; x_wconf 85' lang='lat' dir='ltr'><strong>autem</strong></span> <span class='ocrx_word' id='word_1_128' title='bbox 1062 2458 1215 2512; x_wconf 81' lang='lat' dir='ltr'><strong>fossa</strong></span> <span class='ocrx_word' id='word_1_129' title='bbox 1262 2461 1444 2527; x_wconf 80' lang='lat' dir='ltr'><strong>recta,</strong></span> <span class='ocrx_word' id='word_1_130' title='bbox 1501 2476 1646 2527; x_wconf 81' lang='lat' dir='ltr'><strong>quae</strong></span> <span class='ocrx_word' id='word_1_131' title='bbox 1698 2461 1894 2513; x_wconf 82' lang='lat' dir='ltr'><strong>contra</strong></span> <span class='ocrx_word' id='word_1_132' title='bbox 1940 2475 2104 2528; x_wconf 86' lang='lat' dir='ltr'><strong>agros</strong></span> <span class='ocrx_word' id='word_1_133' title='bbox 2151 2457 2399 2511; x_wconf 88' lang='lat' dir='ltr'><strong>tuendos</strong></span> 
     </span>
     <span class='ocr_line' id='line_1_22' title="bbox 370 2527 2400 2600; baseline 0 -19"><span class='ocrx_word' id='word_1_134' title='bbox 370 2528 609 2596; x_wconf 77' lang='lat' dir='ltr'><strong>ducitur,</strong></span> <span class='ocrx_word' id='word_1_135' title='bbox 650 2532 708 2583; x_wconf 85' lang='lat' dir='ltr'><strong>et</strong></span> <span class='ocrx_word' id='word_1_136' title='bbox 743 2528 803 2582; x_wconf 90' lang='lat' dir='ltr'><strong>in</strong></span> <span class='ocrx_word' id='word_1_137' title='bbox 848 2547 1018 2597; x_wconf 78' lang='lat' dir='ltr'><strong>quam</strong></span> <span class='ocrx_word' id='word_1_138' title='bbox 1054 2529 1210 2600; x_wconf 91' lang='lat' dir='ltr'><strong>uligo</strong></span> <span class='ocrx_word' id='word_1_139' title='bbox 1248 2534 1432 2584; x_wconf 83' lang='lat' dir='ltr'><strong>terrae</strong></span> <span class='ocrx_word' id='word_1_140' title='bbox 1471 2530 1731 2585; x_wconf 79' lang='lat' dir='ltr'><strong>decurrit.</strong></span> <span class='ocrx_word' id='word_1_141' title='bbox 1805 2529 2146 2599; x_wconf 80' lang='lat' dir='ltr'><strong>Pomponius</strong></span> <span class='ocrx_word' id='word_1_142' title='bbox 2182 2527 2400 2582; x_wconf 76' lang='lat' dir='ltr'><strong>Ptosti-</strong></span> 
     </span>
     <span class='ocr_line' id='line_1_23' title="bbox 367 2600 1822 2669; baseline 0.001 -15"><span class='ocrx_word' id='word_1_143' title='bbox 367 2600 529 2656; x_wconf 86' lang='lat' dir='ltr'><strong>bulo:</strong></span> <span class='ocrx_word' id='word_1_144' title='bbox 573 2600 758 2655; x_wconf 79' lang='lat' dir='ltr'><strong>iamne</strong></span> <span class='ocrx_word' id='word_1_145' title='bbox 798 2645 809 2655; x_wconf 90' lang='lat'><strong>.</strong></span> <span class='ocrx_word' id='word_1_146' title='bbox 842 2644 853 2655; x_wconf 91' lang='lat'><strong>.</strong></span> <span class='ocrx_word' id='word_1_147' title='bbox 887 2645 897 2654; x_wconf 94' lang='lat'><strong>.</strong></span> <span class='ocrx_word' id='word_1_148' title='bbox 932 2645 943 2656; x_wconf 90' lang='lat'>.</span> <span class='ocrx_word' id='word_1_149' title='bbox 981 2600 1157 2655; x_wconf 83' lang='lat' dir='ltr'><strong>mihi?</strong></span> <span class='ocrx_word' id='word_1_150' title='bbox 1221 2600 1281 2654; x_wconf 86' lang='lat' dir='ltr'><strong>id</strong></span> <span class='ocrx_word' id='word_1_151' title='bbox 1320 2605 1430 2669; x_wconf 90' lang='lat' dir='ltr'><strong>est,</strong></span> <span class='ocrx_word' id='word_1_152' title='bbox 1470 2601 1822 2656; x_wconf 86' lang='lat' dir='ltr'><strong>oonfoderit.’</strong></span> 
     </span>
    </p>
   </div>
   <div class='ocr_carea' id='block_1_10' title="bbox 368 2707 2406 2847">
    <p class='ocr_par' dir='ltr' id='par_1_10' title="bbox 368 2707 2406 2847">
     <span class='ocr_line' id='line_1_24' title="bbox 514 2707 2403 2777; baseline -0.002 -16"><span class='ocrx_word' id='word_1_153' title='bbox 514 2713 540 2761; x_wconf 90' lang='lat'><strong>1</strong></span> <span class='ocrx_word' id='word_1_154' title='bbox 583 2724 686 2777; x_wconf 86' lang='lat' dir='ltr'><strong>ego</strong></span> <span class='ocrx_word' id='word_1_155' title='bbox 728 2707 948 2761; x_wconf 87' lang='lat' dir='ltr'><em>FH¹L</em></span> <span class='ocrx_word' id='word_1_156' title='bbox 995 2725 1099 2776; x_wconf 89' lang='lat' dir='ltr'><strong>ego</strong></span> <span class='ocrx_word' id='word_1_157' title='bbox 1149 2726 1272 2760; x_wconf 88' lang='lat' dir='ltr'><strong>sum</strong></span> <span class='ocrx_word' id='word_1_158' title='bbox 1319 2707 1637 2763; x_wconf 67' lang='lat' dir='ltr'><strong>EH&#39;PW</strong></span> <span class='ocrx_word' id='word_1_159' title='bbox 1675 2709 1864 2762; x_wconf 74' lang='lat' dir='ltr'><strong>Vrbin.</strong></span> <span class='ocrx_word' id='word_1_160' title='bbox 1894 2713 1997 2761; x_wconf 80' lang='lat'><strong>307</strong></span> <span class='ocrx_word' id='word_1_161' title='bbox 2179 2712 2211 2758; x_wconf 84' lang='lat'>2</span> <span class='ocrx_word' id='word_1_162' title='bbox 2253 2722 2403 2758; x_wconf 89' lang='lat' dir='ltr'><strong>nun-</strong></span> 
     </span>
     <span class='ocr_line' id='line_1_25' title="bbox 368 2776 2406 2847; baseline -0.001 -16"><span class='ocrx_word' id='word_1_163' title='bbox 368 2777 494 2845; x_wconf 90' lang='lat' dir='ltr'><strong>quis</strong></span> <span class='ocrx_word' id='word_1_164' title='bbox 532 2800 574 2832; x_wconf 85' lang='grc' dir='ltr'><strong><em>ω</em></strong></span> <span class='ocrx_word' id='word_1_165' title='bbox 683 2778 909 2832; x_wconf 84' lang='lat' dir='ltr'><strong>restitat</strong></span> <span class='ocrx_word' id='word_1_166' title='bbox 943 2781 1140 2847; x_wconf 76' lang='lat' dir='ltr'><strong>scripsi</strong></span> <span class='ocrx_word' id='word_1_167' title='bbox 1175 2778 1392 2832; x_wconf 73' lang='lat' dir='ltr'><strong>resistit</strong></span> <span class='ocrx_word' id='word_1_168' title='bbox 1428 2800 1470 2832; x_wconf 88' lang='grc' dir='ltr'><strong>ω</strong></span> <span class='ocrx_word' id='word_1_169' title='bbox 1506 2781 1687 2833; x_wconf 87' lang='lat' dir='ltr'><strong>restat</strong></span> <span class='ocrx_word' id='word_1_170' title='bbox 1714 2781 1951 2834; x_wconf 77' lang='lat' dir='ltr'><strong>Bothius</strong></span> <span class='ocrx_word' id='word_1_171' title='bbox 2057 2776 2254 2831; x_wconf 84' lang='lat' dir='ltr'><strong>lerarit</strong></span> <span class='ocrx_word' id='word_1_172' title='bbox 2291 2776 2406 2830; x_wconf 69' lang='lat' dir='ltr'><strong>W*</strong></span> 
     </span>
    </p>
   </div>
   <div class='ocr_carea' id='block_1_11' title="bbox 988 2999 1767 3060">
    <p class='ocr_par' dir='ltr' id='par_1_11' title="bbox 988 2999 1767 3060">
     <span class='ocr_line' id='line_1_26' title="bbox 988 2999 1767 3060; baseline 0.001 -2"><span class='ocrx_word' id='word_1_173' title='bbox 988 2999 1256 3059; x_wconf 86' lang='lat' dir='ltr'><strong>PYTHO</strong></span> <span class='ocrx_word' id='word_1_174' title='bbox 1307 2999 1767 3060; x_wconf 78' lang='lat' dir='ltr'><strong>GORGONIVS</strong></span> 
     </span>
    </p>
   </div>
   <div class='ocr_carea' id='block_1_12' title="bbox 364 3115 2405 3257">
    <p class='ocr_par' dir='ltr' id='par_1_12' title="bbox 364 3115 2405 3257">
     <span class='ocr_line' id='line_1_27' title="bbox 364 3115 2405 3242; baseline -0.001 -73"><span class='ocrx_word' id='word_1_175' title='bbox 364 3187 423 3242; x_wconf 45' lang='lat' dir='ltr'><strong>k·</strong></span> <span class='ocrx_word' id='word_1_176' title='bbox 510 3116 766 3242; x_wconf 57' lang='grc' dir='ltr'><strong>ΊῖὺιΞΙῙιιω</strong></span> <span class='ocrx_word' id='word_1_177' title='bbox 801 3115 916 3170; x_wconf 79' lang='lat' dir='ltr'><strong>iam</strong></span> <span class='ocrx_word' id='word_1_178' title='bbox 946 3116 1196 3186; x_wconf 79' lang='lat' dir='ltr'><strong>Scaliger</strong></span> <span class='ocrx_word' id='word_1_179' title='bbox 1234 3119 1324 3170; x_wconf 84' lang='lat' dir='ltr'><strong>sat</strong></span> <span class='ocrx_word' id='word_1_180' title='bbox 1354 3116 1729 3186; x_wconf 80' lang='lat' dir='ltr'><strong>probabiliter</strong></span> <span class='ocrx_word' id='word_1_181' title='bbox 1765 3115 2093 3185; x_wconf 78' lang='lat' dir='ltr'><strong>explicavit=</strong></span> <span class='ocrx_word' id='word_1_182' title='bbox 2134 3115 2203 3169; x_wconf 87' lang='lat' dir='ltr'><strong>of.</strong></span> <span class='ocrx_word' id='word_1_183' title='bbox 2234 3116 2405 3168; x_wconf 86' lang='lat' dir='ltr'><strong>Mun-</strong></span> 
     </span>
     <span class='ocr_line' id='line_1_28' title="bbox 407 3206 700 3257; baseline 0.007 -16"><span class='ocrx_word' id='word_1_184' title='bbox 407 3206 493 3242; x_wconf 79' lang='lat' dir='ltr'><strong>ius</strong></span> <span class='ocrx_word' id='word_1_185' title='bbox 530 3206 583 3257; x_wconf 91' lang='lat' dir='ltr'><strong>p.</strong></span> <span class='ocrx_word' id='word_1_186' title='bbox 689 3233 700 3243; x_wconf 86' lang='lat'>.</span> 
     </span>
    </p>
   </div>
   <div class='ocr_carea' id='block_1_13' title="bbox 364 3313 2353 3399">
    <p class='ocr_par' dir='ltr' id='par_1_13' title="bbox 364 3313 2353 3399">
     <span class='ocr_line' id='line_1_29' title="bbox 364 3313 2353 3399; baseline -0.002 -19"><span class='ocrx_word' id='word_1_187' title='bbox 364 3314 439 3380; x_wconf 90' lang='grc' dir='ltr'>Ὀ</span> <span class='ocrx_word' id='word_1_188' title='bbox 486 3316 815 3380; x_wconf 88' lang='lat' dir='ltr'><strong>hominem</strong></span> <span class='ocrx_word' id='word_1_189' title='bbox 862 3315 1152 3399; x_wconf 63' lang='lat' dir='ltr'><strong>hostum,</strong></span> <span class='ocrx_word' id='word_1_190' title='bbox 1208 3338 1337 3399; x_wconf 92' lang='lat' dir='ltr'><strong>quo</strong></span> <span class='ocrx_word' id='word_1_191' title='bbox 1386 3315 1533 3379; x_wconf 81' lang='lat' dir='ltr'><strong>illae</strong></span> <span class='ocrx_word' id='word_1_192' title='bbox 1577 3314 2011 3399; x_wconf 74' lang='lat' dir='ltr'><strong>peruenibunt</strong></span> <span class='ocrx_word' id='word_1_193' title='bbox 2056 3313 2353 3377; x_wconf 74' lang='lat' dir='ltr'><strong>diuitiae!</strong></span> 
     </span>
    </p>
   </div>
   <div class='ocr_carea' id='block_1_14' title="bbox 363 3434 2400 3648">
    <p class='ocr_par' dir='ltr' id='par_1_14' title="bbox 363 3434 2400 3648">
     <span class='ocr_line' id='line_1_30' title="bbox 508 3434 2400 3507; baseline -0.002 -16"><span class='ocrx_word' id='word_1_194' title='bbox 508 3436 725 3491; x_wconf 87' lang='lat' dir='ltr'><strong>Nonius</strong></span> <span class='ocrx_word' id='word_1_195' title='bbox 755 3442 876 3505; x_wconf 80' lang='lat'>508,</span> <span class='ocrx_word' id='word_1_196' title='bbox 905 3443 939 3489; x_wconf 82' lang='lat'>4</span> <span class='ocrx_word' id='word_1_197' title='bbox 972 3436 1471 3505; x_wconf 67' lang='lat' dir='ltr'><strong>‘peruenibunt</strong></span> <span class='ocrx_word' id='word_1_198' title='bbox 1538 3436 1878 3507; x_wconf 89' lang='lat' dir='ltr'><strong>Pomponius</strong></span> <span class='ocrx_word' id='word_1_199' title='bbox 1905 3435 2199 3490; x_wconf 86' lang='lat' dir='ltr'><strong>Pintone</strong></span> <span class='ocrx_word' id='word_1_200' title='bbox 2230 3434 2400 3488; x_wconf 84' lang='lat' dir='ltr'><strong>Gor—</strong></span> 
     </span>
     <span class='ocr_line' id='line_1_31' title="bbox 365 3507 2308 3578; baseline -0.003 -15"><span class='ocrx_word' id='word_1_201' title='bbox 365 3509 600 3578; x_wconf 86' lang='lat' dir='ltr'><strong>gonio:</strong></span> <span class='ocrx_word' id='word_1_202' title='bbox 637 3508 944 3562; x_wconf 87' lang='lat' dir='ltr'><strong>hominem’</strong></span> <span class='ocrx_word' id='word_1_203' title='bbox 976 3524 1022 3562; x_wconf 85' lang='lat' dir='ltr'><strong>e.</strong></span> <span class='ocrx_word' id='word_1_204' title='bbox 1053 3525 1105 3575; x_wconf 91' lang='lat' dir='ltr'><strong>q.</strong></span> <span class='ocrx_word' id='word_1_205' title='bbox 1136 3525 1177 3561; x_wconf 76' lang='lat' dir='ltr'><strong>s,</strong></span> <span class='ocrx_word' id='word_1_206' title='bbox 1218 3508 1545 3576; x_wconf 73' lang='lat' dir='ltr'><strong>(Pythone</strong></span> <span class='ocrx_word' id='word_1_207' title='bbox 1575 3507 1826 3577; x_wconf 76' lang='lat' dir='ltr'><strong>Scaliger</strong></span> <span class='ocrx_word' id='word_1_208' title='bbox 1917 3507 2231 3576; x_wconf 86' lang='lat' dir='ltr'><strong>Gorgone</strong></span> <span class='ocrx_word' id='word_1_209' title='bbox 2270 3524 2308 3558; x_wconf 82' lang='lat' dir='ltr'>x</span> 
     </span>
     <span class='ocr_line' id='line_1_32' title="bbox 363 3578 1305 3648; baseline 0.001 -18"><span class='ocrx_word' id='word_1_210' title='bbox 363 3579 811 3648; x_wconf 74' lang='lat' dir='ltr'><strong>Pythogorgo</strong></span> <span class='ocrx_word' id='word_1_211' title='bbox 850 3578 992 3632; x_wconf 84' lang='lat' dir='ltr'><strong>coni.</strong></span> <span class='ocrx_word' id='word_1_212' title='bbox 1022 3578 1305 3647; x_wconf 82' lang='lat' dir='ltr'><strong>Hertzius)</strong></span> 
     </span>
    </p>
   </div>
  </div>
 </body>
</html>
