2610 4007
395 170 525 236 358
1046 167 1327 224 DEcnsv
1327 168 1364 223 S
1400 166 1756 222 LABERIVS

1375 354 1438 413 H

401 455 736 521 concitata
778 454 1213 521 mobilissatam
1258 457 1473 520 mente
1517 458 1793 519 maestas
1881 506 1897 519 .
1986 505 2001 518 .

539 576 756 631 Nonius
810 583 929 647 137,
975 583 1042 632 27
1107 578 1391 631 ‘mest-as
1452 593 1555 646 pro
1618 576 1946 630 mestifices’
2005 573 2412 646 (‘moestifica.s’

399 648 619 718 Junius)
659 648 950 702 ‘Laberius
987 648 1230 705 Tusco:
1267 647 1631 703 concitatam’
1663 664 1710 702 e.
1739 665 1793 716 q.
1822 665 1865 701 s.

541 754 826 809 concitata
865 755 1021 811 ΡΗ
1024 755 1046 786 ²
1080 754 1401 821 concitatae.
1436 756 1489 809 L
1525 754 1867 810 concitatam
1903 753 1993 809 ΗἸ
2010 755 2092 810 W
2193 752 2416 807 mobili-

400 827 583 881 tatem
608 827 861 893 Bothius,
896 843 996 881 om.
1020 826 1261 880 F¹H²L
1295 825 1619 880 mobilitate.
1657 846 1700 894 φ
1807 827 2050 880 mentem
2091 825 2280 880 Vrbin.
2311 829 2415 878 307

401 898 589 951 mente
623 913 713 951 me
750 898 988 952 Bothius
1109 900 1329 951 maesta
1365 899 1421 951 P
1544 897 1804 952 Fortasse
1837 895 2130 950 mulierem
2165 897 2230 950 in
2262 898 2420 951 exitu

402 984 588 1023 versus
621 969 751 1036 fuit,
786 969 902 1023 nisi
934 970 1075 1036 forte
1110 971 1297 1023 mente
1333 984 1423 1022 me
1458 970 1703 1022 maestas
1739 967 1922 1037 magis
1952 973 2205 1037 praestat

408 1321 844 1336 .....
935 1269 1233 1358 bipedem
1278 1172 1544 1340 bliffam
1588 1272 1844 1337 beluam

548 1391 764 1447 Nonius
808 1399 893 1462 80,
930 1398 1000 1447 25
1049 1393 1328 1463 ‘blitea,
1382 1393 1627 1465 inutilis,
1686 1411 1721 1447 a
1763 1394 1933 1463 blito,
1988 1392 2164 1447 herba
2207 1391 2424 1445 nullius

410 1480 541 1517 usus
579 1507 590 1518 .
623 1507 635 1519 .
667 1507 679 1519 .
717 1462 986 1518 Laberius
1022 1464 1084 1518 in
1120 1465 1367 1521 Tucca:
1402 1465 1459 1520 b.
1487 1466 1542 1520 b.
1571 1466 1650 1519 b.’
1688 1464 1927 1535 (Tusca.
1962 1462 2224 1532 Bothius)

1374 1668 1462 1728 IV

414 1817 957 1832 ......
1046 1769 1397 1834 inridenter
1438 1770 1604 1854 petit

555 1887 836 1943 Charisius
881 1908 934 1959 p.
977 1895 1075 1945 181
1124 1889 1183 1945 Ρ.
1244 1890 1684 1948 ‘inridentem
1740 1889 2009 1947 Laberius
2063 1890 2125 1945 in
2179 1890 2428 1945 Tusca:

413 1958 723 2016 inridenter
756 1959 942 2031 petit?

1291 2129 1539 2192 VIRGO

1404 2255 1436 2313 I

418 2352 657 2420 Amore
704 2356 902 2422 cecidi
947 2358 1277 2440 temquam
1323 2357 1529 2421 blassta
1572 2357 1639 2422 in
1685 2356 1944 2441 peluim.

561 2476 777 2531 Nonius
824 2483 951 2547 543,
991 2484 1057 2532 26
1106 2478 1387 2576 τξειΙιιίε,
1444 2477 1596 2533 sinus
1643 2476 1933 2575 aquarius3
1983 2476 2043 2531 in
2088 2492 2199 2557 quo
2246 2474 2432 2529 uaria’

422 2548 627 2617 (‘uasa.’
666 2553 724 2615 x)
774 2548 1132 2619 ‘perluuntur
1212 2548 1617 2620 (‘pelluunbur’
1659 2548 1860 2618 Colb.),
1936 2547 2083 2601 unde
2130 2563 2185 2600 e1
2229 2563 2437 2601 nomen

424 2621 524 2675 est.
598 2620 927 2674 Lauerius
964 2619 1220 2690 Virgine:
1267 2620 1475 2675 amore’
1508 2636 1553 2674 e.
1585 2637 1636 2688 q.
1667 2637 1707 2675 s,

562 2724 775 2795 peluim
811 2728 1183 2798 trisyllabum.-
1218 2729 1286 2795 cf.
1322 2726 1515 2782 Caecil.
1549 2730 1650 2780 134

1406 2930 1470 2988 H

326 3044 392 3093 95
433 3028 508 3094 Si
550 3030 807 3114 quidem
851 3032 993 3096 mezi
1040 3032 1320 3096 colustra
1363 3032 1609 3096 fructus
1654 3029 1911 3095 fecisset
1957 3079 1971 3092 .
2018 3079 2032 3092 .

570 3150 787 3206 Nonius
825 3157 919 3222 84,
952 3159 1017 3206 13
1069 3153 1360 3220 ‘colustra‚
1406 3153 1495 3206 lac
1533 3152 1851 3206 concretum
1891 3149 1952 3203 in
1987 3148 2244 3202 mammis
2282 3147 2445 3202 Luci·

430 3221 541 3276 lius
741 3222 1072 3278 Lauerius
1122 3224 1184 3277 in
1226 3224 1485 3293 Virgine:
1541 3221 1882 3290 siquidem
1934 3236 2079 3274 mea
2133 3219 2449 3275 colustra

431 3294 649 3347 fretus
722 3295 928 3348 terris
1005 3296 1280 3349 studere
1354 3294 1640 3359 fecisset
1724 3307 1981 3346 sumere
2054 3307 2300 3358 aquam
2377 3306 2449 3343 ex

432 3365 661 3421 fonte?
737 3366 820 3419 Ex
866 3366 1069 3435 quibus
1117 3368 1248 3438 [cre
1283 3366 1489 3420 terris
1546 3380 1805 3419 sumere
1851 3379 2092 3432 aquam
2138 3377 2216 3415 ex
2253 3361 2449 3416 fonte

434 3435 607 3489 verba
642 3436 846 3491 Naevii
881 3438 1136 3509 Lycurgo
1175 3438 1244 3508 (X
1349 3442 1367 3508 )
1403 3435 1641 3493 restitui.

576 3542 789 3595 fructus
826 3546 1025 3613 scripsi
1068 3544 1242 3598 fretus
1281 3566 1323 3598 ω
1370 3544 1547 3598 fartus
1585 3561 1625 3598 ω
