2610 4007
1005 163 1116 220 CN.
1154 165 1476 220 NAEVIVS
1616 168 1622 175 '
2160 161 2244 231 27

986 368 1491 429 TRIPHALLVS

356 484 442 540 Cf.
482 482 756 539 Varronis
795 485 990 538 satura
1032 481 1345 554 Τρίφαλλος
1379 486 1509 553 περὶ
1544 482 1927 556 ἀρρενότητος.

219 594 289 659 Si
336 597 684 677 cumquam
731 592 1077 678 quicquam
1121 592 1340 659 fi'lium
1384 594 1701 660 rescsuero

219 700 585 788 Argentum
631 700 869 766 amoris
913 704 1105 765 causa
1148 722 1406 786 sumpse
1450 704 1774 767 mutuum:

219 806 570 891 Extemplo
615 805 730 870 illo
775 809 841 870 te
888 806 1142 891 ducam,
1186 807 1302 871 ubi
1346 829 1476 872 non
1524 807 1810 892 despuas

363 926 582 982 Gellius
610 927 662 981 Π
694 932 785 995 19,
815 932 847 980 6
889 927 1079 982 ‘aliter
1124 927 1273 981 enim
1321 927 1535 982 dictum
1572 945 1694 984 esse
1729 929 1986 983 resciui
2023 930 2125 983 aut
2159 934 2245 984 ress

218 999 364 1053 scire
400 998 554 1069 apud
591 1014 714 1066 eos,
753 997 850 1067 qui
887 998 1191 1070 diligenter
1225 999 1402 1054 locuti
1441 1002 1587 1068 sunt,
1623 1000 1873 1055 nondum
1908 999 2242 1069 inuenimus‚

219 1087 394 1139 quam
431 1086 599 1140 super
634 1069 683 1122 is
720 1069 910 1140 rebus,
950 1087 1095 1138 quae
1131 1071 1234 1125 aut
1270 1069 1525 1125 consulto
1563 1069 1798 1126 consilio
1836 1071 2108 1127 latuerint
2143 1075 2244 1126 aut

218 1145 418 1196 contra
447 1157 605 1222 spem
633 1139 1026 1210 opinionemue
1054 1158 1160 1195 usu
1187 1141 1461 1197 uenerint.
1515 1140 1866 1211 Quamquam
1893 1142 2077 1213 ipsum
2101 1142 2242 1197 scire

218 1213 287 1267 de
337 1212 599 1267 ominbus
650 1211 1017 1266 communiter
1061 1212 1228 1267 rebus
1277 1212 1498 1267 dicatur
1542 1213 1636 1267 uel
1681 1213 1933 1268 aduersis
1978 1213 2071 1268 uel
2115 1230 2242 1283 pro-

218 1283 396 1355 speris
444 1283 538 1337 uel
576 1282 877 1352 insperatis
915 1284 1004 1338 uel
1045 1283 1372 1353 expectatis
1448 1283 1696 1338 Naeuius
1733 1284 1793 1337 in
1830 1284 2120 1354 Triphallo
2157 1284 2241 1339 ita

217 1354 470 1425 scripsit:
508 1353 579 1407 si’
621 1369 668 1408 e.
698 1371 750 1421 q.
783 1371 823 1409 s.

362 1484 390 1532 1
434 1477 483 1531 si
530 1493 829 1545 cumquam
873 1479 1078 1533 conieci
1120 1485 1415 1548 antequam
1443 1480 1734 1548 proposuit
1770 1478 2064 1548 Berykius:
2110 1479 2241 1533 olim

214 1552 381 1612 initio
416 1565 603 1607 versus
639 1550 814 1604 thesin
846 1552 912 1617 (e.
939 1566 983 1605 c.
1021 1551 1103 1618 at)
1138 1551 1400 1606 excidisse
1434 1556 1747 1605 statueram.
1807 1548 1854 1601 si
1893 1564 2159 1616 umquam
2195 1569 2238 1603 ω

215 1621 303 1675 sin
341 1638 394 1675 u.
433 1638 476 1677 ω
503 1636 797 1691 ‚umquam
833 1619 882 1673 si
923 1620 1115 1676 Carrio
1274 1626 1305 1675 2
1346 1620 1520 1675 amori
1560 1621 1705 1677 Rott.
1831 1634 2052 1689 sumpse
2090 1618 2239 1676 Fru-

214 1746 400 1814 terius,
442 1744 640 1800 Carrio
695 1743 999 1814 sumpsisse
1035 1744 1170 1815 Rey.
1210 1744 1330 1799 Vat.
1388 1704 1626 1812 sfipsii’se
1670 1747 1792 1812 (use
1833 1760 1969 1799 corr.
2007 1742 2238 1804 inisse)

214 1817 362 1872 Rott.
505 1821 538 1868 3
577 1816 642 1870 de
671 1816 913 1885 pisti-ino
948 1822 999 1869 et
1034 1816 1100 1869 de
1133 1816 1373 1884 capistro
1407 1816 1722 1870 molentium
1747 1816 1834 1870 ori
1858 1816 2045 1882 adfioeo
2072 1816 2236 1870 inter-

205 1894 464 1957 pretatum·
486 1885 799 1942 Gronovius
857 1890 916 1941 te
934 1884 1034 1940 illo
1053 1886 1315 1949 Bothius:
1337 1886 1406 1953 ct'.
1428 1885 1862 1970 Skutsch-Plani.
1882 1893 1934 1942 et
1954 1886 2110 1941 Rom.
2135 1891 2236 1940 138

953 2052 1505 2113 TVNICVLARIA

1215 2177 1247 2235 I
1492 2260 1896 2326 Theodotum

213 2367 581 2453 Compesses
629 2418 642 2432 .
682 2419 696 2432 .
745 2368 855 2452 qui
902 2368 1044 2432 aras
1092 2365 1561 2452 Compitalibus
1785 2392 1788 2396 ’
2241 2388 2344 2436 100

212 2474 458 2542 Sedens
503 2474 574 2538 in
620 2473 780 2539 cella
825 2472 1275 2539 circumtectus
1319 2473 1643 2560 tegetibus

210 2581 410 2646 Lares
454 2580 739 2646 ludentis
784 2580 933 2665 peni
977 2580 1192 2665 pinxit
1235 2579 1499 2645 bubuIO.

356 2719 558 2774 Festus
594 2736 649 2788 p.
681 2723 784 2772 230
812 2718 887 2773 M.
929 2719 1194 2787 ‘penem
1240 2717 1461 2786 antiqui
1502 2718 1703 2773 codam
1739 2717 2024 2773 uocabant
2061 2748 2127 2758 -
2164 2749 2237 2759 «-

211 2791 432 2845 dictum
477 2793 566 2844 est
608 2788 849 2844 forsitan
894 2806 929 2843 a
972 2789 1286 2859 pendendo,
1359 2789 1632 2843 Naeuius’
1682 2788 1890 2860 (neut'
1929 2788 2049 2844 cod.
2089 2792 2235 2860 teste

210 2862 277 2917 H.
317 2862 410 2930 K.)
459 2861 541 2914 ‘in
586 2859 973 2915 Tunicularia:
1021 2860 1395 2915 Theodotum’
1436 2876 1483 2915 e.
1523 2878 1574 2928 q.
1610 2877 1652 2915 s.
1731 2858 2035 2928 ‘significat
2078 2860 2235 2930 peni-

211 2933 342 2987 culo
379 2931 601 3002 grandi,
637 2931 698 2984 id
736 2933 824 2994 est
859 2931 1041 2986 coda.’
1099 2931 1350 2985 Acumen
1384 2931 1584 2985 horum
1615 2947 1876 2986 versuum
1903 2928 1963 2983 in
1991 2946 2057 2985 eo
2084 2931 2233 3001 posi-

211 3005 336 3058 tum
372 3002 614 3071 videtur,
652 3002 804 3071 quod
838 3001 1120 3056 trivialem
1155 3001 1477 3070 nulliusque
1515 3001 1653 3056 artis
1689 3000 1946 3056 tabulam
1980 3000 2233 3072 picturus

212 3077 409 3129 tamen
445 3073 609 3143 quasi
647 3072 902 3127 divinum
938 3089 1076 3143 opus
1116 3075 1265 3128 esset
1300 3089 1599 3143 aggressus
1635 3072 1884 3141 undique
1913 3088 1972 3126 se
2000 3073 2234 3128 circum-

211 3144 430 3215 saepsit
456 3144 794 3199 Theodotus.
858 3144 1021 3198 Hunc
1059 3147 1250 3198 autem
1286 3143 1674 3198 cautissimum
1710 3146 1770 3199 et
1805 3142 2016 3213 optime
2051 3145 2234 3198 muni—

211 3219 334 3270 tum
388 3215 574 3270 virum
627 3232 696 3269 ex
748 3214 874 3285 ipsa
929 3214 1070 3270 aede
1123 3215 1299 3269 furari
1351 3231 1515 3297 posse
1570 3215 1810 3270 callidus
1865 3213 1956 3267 fur
2008 3214 2231 3271 dicitur.

216 3287 543 3342 ‘Ludentes'
590 3286 738 3341 lares
795 3286 1068 3341 saltantes
1122 3285 1406 3340 intellexit
1448 3286 1515 3343 H.
1558 3286 1836 3341 Jordanus
1891 3286 2099 3342 annall.
2147 3286 2234 3342 in-

213 3358 401 3414 stituti
439 3356 719 3413 archaeoll
752 3364 887 3413 1862
924 3375 978 3427 p.
1009 3363 1113 3413 338
1151 3357 1240 3427 (cf.
1279 3357 1513 3427 mythol.
1551 3358 1709 3412 Rom.
1739 3357 1792 3410 II
1821 3359 1960 3427 112).
2242 3361 2247 3367 '

353 3471 386 3520 2
426 3463 729 3534 compeiles
756 3465 954 3533 scripsi
988 3457 1291 3535 compellas
1311 3466 1424 3520 cod.
1455 3463 1730 3534 compella
1751 3463 1993 3545 Scaliyer
2082 3467 2232 3521 lacu·

211 3553 340 3592 nam
394 3538 620 3607 expleas
670 3536 754 3591 vel
808 3537 1031 3590 sanctas
1077 3538 1159 3592 vel
1202 3551 1382 3604 nuper
1424 3537 1709 3592 inserendo
1825 3551 1937 3589 ans
1984 3537 2230 3608 Mucium,
