2610 4007
1083 197 1369 289 Amrvs
2030 221 2047 240 ·
2150 198 2232 262 37

210 357 525 426 Manutius3
590 357 766 411 immo
832 357 1014 427 ipsam
1077 358 1238 412 illam
1299 356 1562 412 imitandi
1617 339 1899 411 ihsaniam
1952 357 2043 411 vel
2098 354 2237 412 ἀπό-

208 447 415 509 τευγμᾳ
466 428 709 483 nimiam
776 428 888 483 sibi
942 445 1063 484 esse
1119 429 1310 484 animi
1348 429 1701 499 voluptatem
1755 427 1978 482 videtur
2029 428 2236 483 Paetus

211 516 514 568 scripsisse.

350 604 531 659 animi
590 605 810 660 homini
839 608 953 663 cod.
993 624 1073 676 ep.
1101 608 1178 662 ad
1202 609 1336 675 fam.
1447 607 1712 678 errorem]
1751 621 2038 676 aegrorem
2064 605 2235 660 Bent-
2350 663 2353 666 ,

210 677 359 746 leius,
582 695 770 733 verum
804 695 920 733 non
953 695 1061 733 esse
1097 685 1331 748 apparet
1366 679 1479 734 loco
1511 680 1587 733 ad
1612 680 1745 746 fam.
1773 677 1826 731 11
1854 682 1886 730 9
1996 674 2238 730 arbitror

207 747 511 832 Ber-tucius.
577 749 791 805 Trabea
826 766 932 820 quo
965 751 1125 805 verbo
1159 767 1295 804 usus
1326 751 1398 804 sit
1422 751 1713 805 nescimus:
1749 751 1980 817 fortasse
2006 750 2236 802 autumo

206 827 428 889 ΜΡΝ

898 1042 1564 1155 ATILIVS

964 1250 965 1253 ’
998 1233 1459 1296 MISOGYNOS

348 1350 652 1406 Menandri
687 1350 886 1404 fabula
919 1352 1249 1422 Μισογύνης
1284 1351 1410 1406 fuit.

351 1458 579 1525 Cicero
609 1460 794 1525 Tusc.
825 1460 981 1546 disp.
1010 1460 1107 1526 IV
1138 1461 1242 1546 11,
1271 1460 1358 1525 25
1398 1460 1642 1527 ‘odium
1677 1461 2023 1526 mulierum
2053 1461 2239 1544 quale

207 1566 276 1630 in
323 1567 669 1653 misogyno
714 1567 882 1632 Atili
929 1568 1069 1632 est?

776 1749 885 1808 EX
927 1748 1301 1809 INGERTIS
1346 1748 1688 1809 FABVLIS

1212 1884 1243 1942 1

211 1981 412 2060 Suam
467 1981 752 2070 quoique
807 2006 1136 2070 sponsam,
1197 1984 1365 2050 mshi
1417 2007 1681 2050 meam:
1716 2006 1904 2050 suum
1960 1984 2241 2070 quoique

1390 2114 1698 2177 amorem,
1742 2091 1906 2157 mihi
1950 2114 2183 2157 meum.

357 2219 550 2275 Cicero
598 2220 673 2274 ad
713 2219 832 2276 Att.
860 2220 992 2291 XlV
1021 2227 1117 2292 20,
1148 2227 1193 2275 3>
1230 2223 1382 2276 ‘cum
1421 2264 1433 2277 .
1464 2266 1475 2278 .
1510 2267 1521 2278 .
1561 2221 1906 2293 scripsissem
1960 2223 2034 2276 ad
2089 2223 2237 2275 eum’

209 2291 493 2361 (Brutum)
543 2291 635 2346 ‘de
691 2291 905 2359 optimo
960 2309 1165 2363 genere
1221 2293 1474 2363 dicendi,
1530 2311 1644 2348 non
1698 2294 1866 2349 modo
1918 2292 2085 2362 mihi,
2142 2293 2240 2347 sed

210 2362 388 2417 etiam
423 2361 536 2416 tibi
571 2362 798 2433 scripsit
834 2362 946 2416 sibi
981 2363 1143 2434 illud,
1181 2365 1334 2433 quod
1368 2364 1511 2418 mihi
1540 2365 1808 2435 placeret,
1846 2381 1961 2418 non
1986 2364 2240 2434 probarit

211 2449 390 2502 quare
428 2432 549 2489 sine
586 2451 795 2502 quaeso
834 2434 946 2488 sibi
983 2452 1260 2503 quemque
1289 2435 1546 2492 scribere.
1602 2436 1771 2491 Suam
1800 2436 2022 2505 cuique’
2054 2453 2101 2492 e.
2121 2455 2174 2505 q.
2198 2455 2238 2492 s.

215 2506 356 2559 ‘non
392 2504 561 2561 scite:
598 2506 707 2559 hoc
745 2504 896 2560 enim
931 2505 1143 2560 Atilius
1180 2510 1352 2576 poeta
1387 2507 1755 2563 durissimus.’

358 2619 561 2689 cuique
599 2622 724 2691 (bis)
766 2622 884 2678 edd.
924 2637 1146 2690 quoque
1185 2624 1307 2693 (bis)
1345 2623 1497 2679 Med.

1199 2790 1263 2849 Π

208 2889 340 2955 Per
382 2889 701 2955 laetitiam
746 2890 1022 2974 liquitur
1058 2891 1326 2957 animus.

355 3019 538 3075 Varro
582 3021 651 3074 de
685 3020 726 3075 1.
765 3020 935 3076 LVII
963 3027 1065 3075 106
1092 3022 1168 3077 Μ.
1220 3022 1503 3076 ‘Aurelius
1551 3022 1748 3077 scribit
1793 3021 2074 3078 delicuum
2120 3039 2240 3078 esse

213 3092 286 3146 ab
336 3090 584 3161 liquido,
642 3090 909 3146 Claudius
965 3092 1038 3147 ab
1094 3092 1360 3162 eliquato,
1436 3093 1485 3147 si
1532 3094 1656 3163 quis
1704 3094 2037 3149 alterutrum
2068 3094 2242 3163 ,sequi

208 3162 408 3231 malet,
444 3161 686 3217 habebit
721 3164 1010 3217 auctorem
1048 3165 1198 3246 apud
1224 3164 1489 3220 Atilium:
1525 3181 1626 3235 per
1651 3164 1689 3220 1.
1718 3166 1755 3220 l.
1788 3182 1835 3220 a.
1892 3165 1944 3218 A
1969 3164 2241 3234 liquando

210 3233 515 3302 liquitur
548 3234 782 3289 fictum?
859 3234 1223 3305 (Accilium
1248 3236 1500 3291 Turnebi
1528 3237 1649 3291 cod.
1696 3236 2023 3291 Attilium
2056 3236 2239 3292 Haun.

211 3303 597 3359 Caecilium
635 3305 758 3359 cod.
784 3305 853 3375 B)
925 3305 1053 3359 Nisi
1096 3306 1244 3361 forte
1290 3324 1359 3361 ex
1403 3306 1631 3362 Electra
1666 3306 1831 3362 Atilii
1876 3307 2016 3361 haec
2058 3308 2243 3378 petita

212 3378 368 3432 sunt:
409 3375 478 3431 cf.
510 3375 681 3446 Soph.
711 3376 795 3430 El.
818 3382 918 3431 871
951 3374 1053 3447 ὑφ’
1077 3378 1286 3449 ἡδονῆς
1322 3398 1425 3449 τοι,
1465 3378 1718 3449 φιλτάτη,
1756 3378 2029 3448 διώκομαι
2056 3400 2106 3435 κ.
2126 3399 2172 3435 τ.
2193 3385 2237 3434 λ.

353 3500 596 3570 liquitur
623 3502 774 3556 verbi
798 3519 1109 3557 menswram
1133 3503 1458 3559 monstravit
1484 3504 1609 3559 Rue
1635 3503 1845 3559 annall.
1866 3504 2079 3573 philoll.
2103 3508 2242 3558 1869

204 3588 265 3641 p.
291 3575 414 3629 488.
444 3577 579 3628 636:
618 3572 689 3641 cf.
729 3572 929 3629 Plomti
969 3573 1122 3629 Trin.
1152 3579 1255 3628 243

2276 2862 2309 2981 0010
