2610 4007
949 191 1058 246 CN.
1097 191 1417 246 NAEVTVS
2105 192 2187 255 13

171 349 360 403 ennius
410 372 455 405 ω
470 395 484 419 ,
540 354 658 407 nisi
711 354 857 422 quod
908 351 1146 405 hennius
1193 352 1315 405 LP
1365 354 1455 422 (cf.
1503 353 1684 408 coroll.
1723 351 1844 421 XII)
1972 351 2220 406 eminus·

171 423 242 475 ed.
282 428 423 476 1496
572 422 848 476 audiebat
900 423 1007 477 hoc
1060 422 1203 475 mihi
1257 430 1309 478 et
1360 431 1425 478 ut
1469 425 1698 479 alta-ius
1741 425 1889 492 quod
1929 426 2189 479 exciderit

167 494 462 616 siff-menti
507 502 702 550 auctor
746 493 958 547 Ennius
1007 494 1379 565 Kiesslinyius
1487 497 1547 548 et
1582 493 1803 575 affatim
1827 493 2067 575 ‘Laudes

170 581 221 616 m
281 567 375 617 tas
402 583 479 620 m.
513 568 523 635 Ι
556 565 721 630 Quod
737 584 791 635 p.
809 584 862 633 q.
882 565 1030 619 velle
1049 565 1348 635 audebam,
1374 565 1481 619 hoc
1508 565 1650 619 mihi
1670 582 1871 618 annuis
1897 565 2188 635 Quicherat

1132 714 1220 773 IV

165 814 290 880 Vbi
335 816 503 900 uidi,
550 798 1378 881 exanimabssiter‘timedus
1415 815 1688 899 pedibus
1722 817 2048 900 protinam
2081 819 2187 881 me
2224 829 2291 882 35

1442 923 1600 987 dedi.

302 1044 527 1100 Nonius
558 1050 686 1115 376,
719 1051 786 1098 12
846 1046 928 1099 ‘et
981 1044 1248 1114 quoniam
1300 1061 1415 1098 non
1470 1043 1614 1097 nulli
1668 1046 1922 1098 ueterum
1970 1062 2071 1114 pro
2119 1062 2184 1100 eo

172 1116 317 1183 quod
334 1115 595 1185 protinus
625 1119 712 1170 est
738 1116 1085 1186 protinam
1107 1116 1201 1170 uel
1216 1114 1468 1186 protenis
1489 1117 1886 1169 conuerterant
1929 1116 2186 1186 exempla

172 1187 235 1240 de
271 1186 363 1240 his
400 1187 721 1241 necessaria
758 1187 1107 1257 decerpenda
1144 1190 1275 1240 sunt
1304 1186 1678 1242 ...Neuius
1714 1186 1775 1240 in
1811 1160 2037 1244 Colace:
2086 1188 2183 1243 ubi

282 1258 444 1326 dedi,
483 1257 544 1311 id
580 1261 668 1312 est
701 1258 941 1328 pedibus
976 1258 1201 1329 longius
1236 1257 1400 1327 fugi.’

306 1382 556 1437 timedus
594 1382 808 1437 LPW
848 1383 1104 1437 tamedus
1142 1382 1347 1436 ΒΘΗ
1394 1381 1611 1435 timidis
1647 1382 1829 1437 Aldus
1871 1383 2184 1451 Manutius,

172 1454 530 1509 Her-mamma
554 1471 735 1522 opusc.
756 1453 808 1506 Π
832 1459 952 1522 279,
988 1455 1195 1523 accepit
1221 1453 1552 1509 Ritschelius
1577 1453 1952 1523 opusc.11245
2058 1472 2186 1523 pro-

169 1524 347 1578 tinam
384 1525 476 1579 Me
515 1524 648 1578 dedi
684 1525 1041 1580 Hermawnus

946 1709 1420 1771 COMMOTRIA

309 1825 392 1880 Cf.
431 1826 624 1881 Photii
659 1802 961 1896 bibls530,
992 1832 1058 1880 13
1095 1825 1182 1881 ὅτι
1214 1826 1317 1890 τὰς
1352 1834 1458 1883 νῦν
1494 1826 1794 1897 λεγομένας
1828 1824 2095 1896 κουρίδας
2134 1827 2186 1881 οἱ

173 1898 392 1951 Αττικοὶ
418 1896 770 1968 κομμωτρίας
798 1897 1049 1953 ἐκάλουν.
1111 1897 1241 1952 Fuit
1255 1896 1462 1968 Κουρίς
1479 1897 1820 1968 Antiphanis
1839 1901 1900 1952 et
1916 1898 2184 1953 Alexidis,

170 2028 380 2071 carere
632 2034 637 2037 ’
2197 2017 2295 2073 35¹

306 2129 492 2183 Varro
539 2129 610 2183 de
645 2129 683 2183 1.
722 2128 758 2182 l.
789 2129 892 2183 VH
919 2134 988 2182 54
1013 2130 1087 2184 M.
1122 2129 1230 2183 fin
1284 2129 1691 2186 Menaechmis:
1746 2130 1893 2185 inter
1948 2130 2185 2185 ancillas

174 2200 364 2254 sedere
401 2200 629 2268 iubeas,
666 2200 858 2254 lanam
896 2216 1140 2254 carere.
1204 2200 1363 2254 Idem
1398 2201 1504 2255 hoc
1540 2204 1628 2255 est
1663 2202 1895 2256 uerbum
1931 2201 1991 2254 in
2028 2201 2187 2256 Com-

171 2272 380 2326 motria
414 2271 664 2327 Naeuii.'
705 2270 1135 2341 (Commotria
1170 2271 1461 2326 Turnebus
1490 2272 1632 2327 Adv.
1656 2272 1839 2326 XXIII
1869 2277 1934 2326 16
1971 2290 2186 2328 come-

171 2341 307 2396 tria
344 2341 590 2397 Vindob.
649 2342 939 2396 ometria
985 2342 1164 2397 Guelf.
1230 2342 1562 2397 cemetria
1605 2343 1750 2397 Flor.
1799 2343 1964 2398 Goth.
2003 2344 2184 2399 Haun.

170 2413 506 2467 cametria
568 2413 743 2468 Paris.
775 2431 810 2467 a
863 2413 1172 2468 comedia
1235 2413 1409 2468 Paris,
1440 2415 1478 2468 b
1535 2413 1915 2469 Cosmotria
1978 2415 2186 2470 Aldina

170 2482 553 2538 Cosmetria
587 2484 825 2539 Bothius
931 2484 1120 2539 neuii
1157 2484 1324 2555 Flor.)

927 2668 1434 2731 COROLLARIA

309 2786 393 2840 Of.
432 2786 939 2857 Στεφανοπώλιὸες
972 2785 1197 2841 Eubuli.

988 2946 994 2956 ,
1111 3006 1114 3009 ἡ
1165 2917 1199 2977 1

1447 3022 1597 3087 nolo
1643 3043 1762 3108 ego

169 3124 356 3189 Hanc
402 3125 561 3189 adeo
610 3124 899 3189 efflictim
946 3127 1183 3190 amare:
1233 3128 1342 3190 diu
1387 3128 1570 3192 uiuat
1615 3129 1792 3214 uolo,

123 3224 131 3238 '
169 3230 262 3295 Vt
307 3230 476 3296 mihi
520 3230 824 3315 prodesse
868 3232 1090 3316 p6ssit.

312 3352 604 3408 Charisius
659 3370 712 3421 p.
753 3357 854 3406 178
891 3352 951 3407 Ρ.
1021 3353 1382 3409 ‘efflictim
1435 3356 1684 3410 Naeuius
1739 3356 1799 3409 in
1854 3357 2187 3413 Corollaria:

138 3424 326 3478 ,nolo'
369 3440 417 3479 e.
456 3442 510 3492 q.
551 3441 596 3478 s.
675 3422 795 3476 ‘ubi
844 3423 1087 3481 Probus:
1142 3442 1354 3494 usque
1411 3426 1724 3482 donicum
1778 3427 2185 3499 effligatnr.’

171 3494 324 3550 Haec
382 3498 577 3550 autem
632 3510 746 3548 non
799 3496 1178 3564 grammatici,
1234 3498 1334 3551 sed
1376 3501 1579 3568 poetae
1624 3498 1806 3568 ignoti
1850 3500 2024 3554 verba
2069 3517 2189 3555 esse

174 3566 416 3621 coniecit
441 3564 790 3620 Bitschelius
829 3582 1015 3635 opusc.
1034 3568 1088 3621 Π
1107 3573 1232 3623 241;
1270 3568 1401 3622 vide
1438 3569 1585 3623 infra
1618 3568 1754 3639 pall.
1793 3570 1899 3624 inc.
1938 3572 2004 3624 fr.
2025 3570 2190 3625 LVII.
