2610 4007
689 185 747 238 L.
788 183 1208 238 POMPONIVS
1245 182 1736 239 BONONIENSIS
2096 186 2228 249 303

1129 370 1312 429 SYRI

345 488 453 542 Vel
498 503 783 542 servorum
818 504 995 556 genus
1033 484 1371 539 vilissimum
1405 487 1497 540 vel
1535 503 1735 557 scopas
1771 486 2031 557 intellegi
2064 504 2229 556 posse

198 559 425 613 monuit
452 558 718 612 Munkius
753 558 960 612 collato
988 557 1174 611 Nonio
1202 576 1257 626 p.
1278 563 1365 626 46,
1395 565 1454 613 4·
1498 559 1713 627 ‘syrus
1743 575 1777 611 a
1805 558 2018 612 Graeco
2047 558 2229 628 magis

201 632 451 728 tractum
487 632 574 683 est
610 629 724 683 ἀπὸ
760 638 860 683 τοῦ
899 629 1103 696 σύρειν.
1168 629 1272 681 has
1299 645 1403 682 1106
1434 646 1649 698 scopas,
1686 629 1884 683 rustici
1911 646 1977 684 eo
2005 630 2233 683 nomine

201 703 383 771 syrus’
424 703 522 771 (sc.
557 701 778 769 σύρους)
819 701 1062 754 ‘uocant
1130 699 1309 753 Varro
1340 700 1676 770 Marcipore’
1707 701 1773 756 fr.
1805 707 1905 754 271
1936 700 1998 754 Β.
2066 700 2231 770 Syros

202 773 345 827 duos
384 771 730 842 expilaturos
767 771 1076 825 trichnium
1112 770 1428 825 introduxit
1462 771 1757 826 Petronius
1801 775 1906 826 sat.
1944 779 2026 827 22.

1198 940 1231 998 Ι

201 1039 384 1126 <Ί6>
457 1041 711 1125 quidem
788 1042 959 1127 apud
1030 1042 1244 1106 forum
1318 1046 1651 1126 praesente
1722 1041 2001 1105 testibus
2075 1040 2234 1104 mihi

1695 1147 2004 1212 uendidit.

350 1269 567 1323 Nonius
617 1275 859 1338 154,16
928 1270 1351 1339 ‘praesente
1417 1286 1606 1323 coram
1669 1268 1762 1323 uel
1824 1270 2234 1339 praesentibus.

203 1340 550 1410 Pomponius
588 1339 763 1410 Syris.
806 1340 1054 1409 quidem'
1088 1357 1134 1395 e.
1165 1357 1217 1408 q.
1249 1359 1290 1396 6.

349 1448 398 1502 16
438 1449 579 1516 Β116,
619 1465 718 1503 om.
749 1470 809 1517 ω,
847 1450 1103 1520 haustum
1139 1451 1301 1504 titulo
1455 1447 1688 1517 quidam
1723 1448 1932 1503 Junius
2084 1447 2236 1516 apud

208 1519 391 1574 forum
426 1521 586 1574 semel
620 1522 684 1573 111
721 1492 919 1575 Plauti
954 1521 1125 1590 Epid.
1156 1526 1286 1588 422,
1325 1522 1420 1575 sed
1454 1521 1521 1587 cf.
1557 1520 1670 1575 Leo
1700 1520 1788 1573 Pl.
1822 1520 1889 1573 F.
1919 1525 2022 1573 227

1185 1688 1248 1746 Π

206 1789 555 1875 Lapatium
600 1789 853 1854 nullum
898 1790 1226 1875 utebatur,
1272 1790 1524 1854 lardum
1570 1789 1911 1853 lurchabat
1955 1789 2200 1853 lubens.

351 1910 570 1965 Nonius
616 1917 700 1981 11,
739 1918 770 1965 3
824 1912 1170 1966 ‘lurcones
1218 1911 1613 1982 (lurchones
1651 1911 1790 1981 Ba²)
1838 1909 1977 1964 dicti
2024 1912 2156 1963 sunt
2203 1926 2237 1962 a

207 1981 547 2038 lurchando:
585 1982 844 2038 lurchare
883 1987 968 2038 est
996 2001 1123 2038 611111
1155 1982 1432 2037 auiditate
1469 1982 1658 2037 cibum
1696 1998 1913 2037 sumere
1953 2027 1963 2037 .
1989 2026 1998 2036 .
2024 2028 2033 2037 .
2073 1982 2234 2036 Pom-

204 2053 413 2138 ponius
459 2053 637 2123 Syris:
684 2054 983 2124 lapatium’
1024 2072 1069 2111 6.
1102 2072 1155 2123 q.
1187 2073 1228 2110 s,
1307 2054 1555 2109 Omissus
1600 2054 1694 2108 hic
1739 2054 1895 2109 locus
1941 2053 2002 2107 in
2037 2052 2233 2107 Bamb.

351 2160 542 2215 nullus
583 2161 877 2217 Fraterius
1018 2163 1114 2214 ute
1153 2162 1208 2215 P
1346 2161 1648 2215 lurchabar
1685 2161 1754 2214 H
1756 2161 1774 2191 ¹
1822 2236 1830 2244 .

732 2363 1000 2424 VACOA
1044 2366 1140 2425 vel
1184 2363 1707 2423 MARSVPPIVM

355 2480 435 2537 cf.
474 2480 818 2536 Ritschelius
854 2482 1079 2551 Parerg.
1109 2481 1135 2534 1
1174 2486 1294 2535 156.
1337 2486 1454 2535 168.

212 2660 226 2672 .
268 2659 281 2672 .
321 2608 517 2673 simul
553 2609 725 2673 intro
761 2609 931 2694 ueni,
973 2609 1207 2673 accessi
1243 2607 1325 2671 ad
1360 2612 1629 2693 patrem,
1664 2605 1898 2692 prendi
1928 2628 2216 2669 manum:
2240 2619 2342 2669 170

207 2712 307 2778 'In
352 2719 616 2801 terram,
671 2719 745 2778 ut
792 2715 1095 2800 cubabat,
1148 2713 1388 2778 nudam
1434 2714 1516 2778 ad
1565 2735 1711 2777 eum
1756 2717 1830 2777 ut
1876 2712 2218 2797 conquexi,

1704 2820 1966 2884 interim

207 2909 519 2975 Mulieres
564 2910 984 2996 conspiciunt.

355 3030 675 3090 Priscianus
712 3050 766 3113 p.
798 3037 900 3085 885
938 3032 998 3087 Ρ.
1042 3033 1218 3086 ‘teste
1255 3030 1436 3101 Capro
1474 3030 1835 3099 conquinisco
1884 3029 2234 3097 conquexi.

209 3097 300 3157 est
337 3105 529 3157 autem
565 3103 931 3201 conquinisco
964 3106 1135 3173 caput
1169 3101 1397 3157 inclino.
1465 3102 1805 3171 Pomponius
1842 3100 1901 3154 in
1930 3101 2118 3155 Vacca
2146 3101 2236 3154 uel

208 3174 540 3255 Marsuppio
578 3173 686 3230 ait.
735 3173 931 3228 simul'
973 3190 1019 3228 e.
1051 3192 1103 3242 q.
1135 3192 1178 3227 s.
1227 3174 1510 3243 (baecha
1546 3173 1770 3242 Bambq
1817 3172 1970 3241 quod
2003 3189 2118 3227 non
2153 3188 2237 3225 re·

206 3244 476 3314 pudiavit
509 3244 784 3300 Hertzius.
824 3246 1036 3299 bacca
1071 3244 1221 3314 Lips.
1254 3248 1307 3315 1)

358 3357 384 3405 1
408 3368 518 3421 sqq.
547 3368 798 3407 numeros
817 3352 1097 3421 perspexit
1125 3350 1369 3421 Scaliqer
1488 3356 1515 3403 1
1548 3349 1713 3404 simul
1749 3350 1811 3403 in
1836 3353 2078 3418 utroquo
2107 3349 2239 3403 ueni

211 3422 382 3505 Sana.
496 3424 631 3477 Vide
664 3440 798 3477 nwm
824 3424 1035 3504 11116911
1069 3438 1254 3476 versus
1289 3423 1398 3476 tale
1432 3422 1548 3489 fere
1578 3423 1752 3490 fuerit
1785 3424 2032 3477 initium.
2072 3419 2239 3474 simul

208 3493 363 3548 intro
400 3510 572 3562 quom
615 3493 772 3563 ueni,
819 3493 903 3547 ibi
939 3492 1151 3547 accessi
1187 3510 1229 3547 6.
1259 3511 1307 3562 9.
1335 3509 1379 3548 6
1523 3493 1620 3548 Aa
1664 3492 1874 3547 manu?
2018 3498 2049 3544 2
2088 3495 2239 3545 terra

215 3565 449 3621 Carolir.
623 3564 777 3619 nuda
813 3567 1010 3621 Bamb.
1042 3566 1208 3620 Hazb.
1240 3565 1406 3635 811119.
1442 3564 1599 3620 Grut.
1633 3565 1863 3621 Carolir.
2029 3563 2241 3618 Hiatus
