2610 4007
408 140 541 205 260
1186 139 1248 194 L.
1280 139 1647 194 AFRANIVS

552 299 744 354 Cicero
781 298 943 354 Tunc.
982 298 1125 369 disp.
1161 299 1240 353 IV
1277 305 1363 367 20,
1390 305 1459 354 45
1502 299 1841 369 ‘impunitas
1877 298 2027 354 enim
2138 302 2442 354 ooatorum

408 372 547 425 data
601 370 828 425 uidetur
881 369 962 425 eis
975 414 989 440 ‚
1046 369 1144 438 qui
1197 369 1568 440 ignominiam
1615 374 1673 426 et
1723 369 2019 425 infamiam
2091 373 2257 425 erunt
2308 370 2440 424 sine

408 442 626 497 dolore:
683 441 927 496 morderi
973 444 1061 496 est
1109 441 1311 496 melius
1367 441 1727 497 conscientia.
1801 458 1870 496 ex
1915 459 2026 510 quo
2073 445 2160 496 est
2203 441 2355 496 illud
2406 459 2441 496 e

407 513 532 567 uita
568 513 800 568 ductum
845 512 917 567 ab
954 511 1213 568 Afranio:
1260 529 1395 566 nam
1439 529 1566 566 cum
1611 513 1999 567 dissolutus
2043 513 2270 569 filius:
2320 514 2441 568 heu

407 603 480 638 m.
518 603 593 639 m.
631 586 754 637 tum
798 599 1075 638 seuerus
1121 586 1345 654 pater:
1390 583 1545 637 dum’
1588 600 1636 638 e.
1665 602 1717 653 q.
1748 602 1792 638 s,
1864 583 2082 638 Ibidem
2118 593 2204 654 25,
2233 590 2306 639 55
2347 586 2442 638 ‘at

408 655 698 709 commode
736 654 882 708 dixit
915 653 1209 711 Afranius:
1256 655 1411 708 dum’
1452 671 1499 709 e.
1529 673 1581 723 q.
1614 673 1657 709 s.
1732 654 1902 709 ‘dixit
1937 654 2089 710 enim
2125 656 2195 709 de
2233 654 2440 710 adule-

409 728 600 780 scente
652 725 873 795 perdito
931 742 998 780 ac
1048 725 1365 780 dissoluto?
1440 726 1596 781 Idem
1641 725 1805 795 epist.
1844 726 1919 780 ad
1963 727 2081 781 Att.
2119 726 2249 781 XVI
2297 734 2358 796 2,
2399 731 2438 781 3

411 798 535 851 ‘sed
570 801 761 851 tamen
798 797 932 850 dum
965 798 1133 851 modo
1173 796 1404 852 doleant
1440 796 1675 866 aliquid,
1712 797 1946 852 doleant
1981 797 2305 867 quidlibet.’

560 904 679 958 Vno
713 919 873 959 versu
905 905 1169 976 coniumqi
1202 905 1367 960 iussit
1400 905 1686 960 Bentleius

297 1154 405 1203 410
1367 1054 1457 1114 VI
1548 1142 1742 1203 tanne
1787 1139 2002 1203 arcula

407 1224 546 1288 Tfia
580 1224 780 1309 >plena
824 1229 923 1291 est
967 1227 1386 1292 aranearum?

546 1345 747 1400 Festus
835 1391 845 1401 .
885 1352 990 1401 359
1036 1347 1112 1403 M.
1164 1348 1401 1402 ‘tanne
1457 1365 1523 1403 eo
1569 1365 1772 1418 usque,
1827 1351 1893 1403 ut
1936 1349 2129 1404 Aelius
2178 1349 2325 1404 Stilo
2373 1354 2438 1405 et

408 1415 627 1488 Opilius
655 1418 804 1472 Aure
833 1417 915 1472 'us
951 1417 1410 1488 interpretantur.
1463 1420 1662 1488 Itaque
1690 1420 1979 1476 Afranius:
2015 1422 2209 1474 tanne’
2239 1437 2285 1476 e.
2306 1439 2365 1490 q.
2387 1440 2435 1478 s,

407 1488 634 1615 {2¹¹th
633 1507 716 1615 ἃ
718 1494 851 1614 33581
858 1490 1013 1628 3111ὲῖ
1025 1493 1232 1544 tanne
1278 1507 1346 1545 eo
1391 1507 1582 1560 usque.
1656 1491 1948 1548 Afram'us:
1984 1493 2178 1546 tanne’
2220 1509 2268 1547 e.
2296 1510 2432 1585 q.·s.

1356 1656 1475 1717 VH

1480 1743 1722 1826 pallam
1766 1743 1869 1808 fao
1914 1745 2044 1810 cito

407 1847 506 1911 De
565 1869 783 1912 mensa
841 1851 908 1913 et
969 1847 1299 1936 plagulam
1356 1849 1434 1913 de
1485 1848 1653 1914 lecto
1707 1849 1858 1935 (et)
1909 1850 2097 1936 pellis
2162 1850 2434 1916 demitte

1893 1957 2131 2023 ordine.

550 2075 768 2131 Nonius
810 2082 932 2145 378,
971 2082 1039 2131 10
1087 2076 1327 2148 ‘plaga
1371 2077 1678 2148 aliquando
1723 2097 1854 2149 pars
1900 2079 2060 2150 lecti,
2118 2078 2433 2149 aliquando

408 2147 587 2203 omnis
628 2192 640 2203 .
673 2192 684 2203 .
717 2191 729 2204 .
767 2146 1058 2204 Afranius:
1094 2148 1310 2217 palam’
1342 2166 1387 2205 e.
1418 2168 1470 2219 q.
1502 2168 1544 2205 ει.

550 2260 579 2308 1
626 2253 842 2324 pallam
891 2255 1199 2310 Palmerius
1249 2255 1443 2325 palam
1491 2277 1534 2310 ω
1746 2256 1839 2310 fac
1889 2256 2002 2312 cito
2054 2257 2434 2313 Neukirchius

405 2326 558 2380 facto
595 2347 639 2379 ω
676 2325 850 2380 facito
887 2327 1124 2381 Bothius
1279 2333 1311 2380 2
1349 2327 1420 2381 de
1454 2343 1651 2381 mensa
1684 2330 1884 2397 scripsi
1920 2328 2116 2383 demea
2150 2340 2198 2397 ψ
2236 2328 2432 2383 demet

408 2399 463 2452 B
478 2397 627 2452 GH1
664 2396 873 2451 demito
900 2398 1108 2451 anius
1145 2396 1304 2452 deme
1341 2400 1400 2453 et
1428 2398 1735 2455 Palmerius
1772 2399 1931 2453 deme
1963 2413 2148 2453 meam
2183 2401 2243 2453 et
2271 2399 2430 2454 Neu-

404 2469 646 2523 kifrchius
690 2468 900 2522 Demea
944 2469 1181 2523 Bothius
1225 2468 1418 2523 demas
1464 2487 1628 2525 anon.
1828 2470 2062 2524 demitte
2109 2471 2432 2525 Palmcrius

408 2538 632 2593 dimitte
668 2560 711 2593 ω
855 2537 1049 2592 ordine
1086 2540 1166 2594 ed.
1198 2557 1288 2609 pr.
1336 2539 1396 2593 in
1434 2539 1628 2595 ordine
1665 2562 1707 2594 ω
1852 2544 1911 2595 et
1943 2540 2240 2611 plagulam
2276 2541 2430 2596 lecto

405 2609 572 2680 pellis
611 2611 664 2666 d.
703 2627 752 2666 0.
789 2612 1068 2665 senarium
1103 2612 1327 2666 metitwr
1361 2611 1472 2666 Ed.
1500 2612 1707 2668 Becker

1341 2760 1491 2819 Vm

406 2859 679 2926 'Accedo
724 2859 806 2925 ad
850 2864 941 2946 te,
986 2864 1062 2926 ut
1105 2859 1230 2925 tibi
1275 2862 1588 2926 ceruicem
1637 2914 1650 2926 .
1698 2914 1712 2927 .
1757 2862 2000 2949 fingam
2044 2861 2266 2928 linteo.

550 2982 796 3035 Isidorus
835 2980 986 3051 Orig.
1020 2981 1124 3035 XII
1160 2988 1210 3049 6,
1238 2987 1310 3036 60
1348 2981 1610 3052 ‘spongia
1646 2999 1679 3035 a
1716 2983 2008 3053 fingere,
2054 2983 2116 3037 id
2161 2988 2250 3039 est
2292 2984 2429 3039 niti-

410 3054 544 3107 dare
583 3056 642 3107 et
677 3056 980 3123 extergere,
1017 3052 1212 3108 dicta.’
1269 3056 1317 3122 (s
1329 3053 1595 3123 fingere
1624 3054 1927 3125 Wolfenb.)
1981 3055 2060 3110 cf.
2095 3055 2287 3110 Cicero
2324 3074 2426 3125 pro

411 3124 552 3179 Sest.
583 3129 667 3194 35,
699 3129 766 3178 77
797 3123 936 3178 Cato
974 3124 1045 3178 de
1080 3140 1140 3178 re
1176 3142 1220 3178 r.
1249 3129 1336 3194 67,
1366 3130 1414 3179 2.
1459 3124 1682 3179 Servius
1710 3126 1785 3180 ad
1811 3126 1976 3196 Verg.
2005 3127 2143 3181 Aen.
2162 3127 2295 3182 VIII
2322 3133 2428 3182 634

413 3195 728 3252 ‘Asi-anius:
767 3195 973 3249 accedo
1015 3238 1061 3249 ..
1086 3238 1098 3249 .
1135 3194 1330 3263 linte0,
1367 3195 1428 3249 id
1466 3198 1552 3249 est
1587 3198 1913 3267 extergam.’

524 3293 525 3296 ’
553 3301 744 3357 Primo
772 3303 911 3372 pede
946 3318 1201 3356 mancum
1233 3304 1602 3370 septenarium
1632 3304 1906 3358 dimensus
1940 3310 2018 3359 est
2044 3305 2428 3361 Hermannus:

408 3389 504 3445 eqo
539 3374 792 3454 quintum
821 3374 1011 3442 pedem
1049 3373 1296 3442 (fortasse
1333 3377 1391 3426 et
1425 3374 1665 3457 tergum)
1702 3377 1961 3430 excidisse
1995 3382 2191 3431 statuo.
2333 3376 2431 3431 Aa

411 3443 695 3581 ανῖγτέιὴίῗιῗ
759 3443 843 3511 Of.
882 3444 1058 3499 Varro
1095 3445 1129 3498 l.
1161 3445 1194 3498 l.
1233 3441 1283 3497 X
1323 3448 1387 3497 78
1448 3446 1675 3515 Quintil.
1707 3446 1838 3500 VIII
1880 3451 1938 3515 3,
1978 3451 2044 3500 35
2189 3447 2434 3519 sfingam
