2610 4007
881 147 1250 202 CAECILIVS
1288 147 1589 202 STATIVS
2158 149 2244 213 89

230 305 287 363 δ’
330 306 481 371 ὅστις
530 308 604 378 μὴ
655 307 799 363 θεὸν
849 287 1051 376 noivit.
1077 307 1255 397 μέχαν
1304 309 1415 362 Καὶ
1472 316 1584 362 τῶν
1638 307 1905 362 ἁπάντων
1959 306 2244 378 δαιμόνων

229 377 570 448 ὑπέρτατον,
605 376 686 433 Ἢ
719 376 911 442 σκαιός
956 378 1103 434 ἐστιν
1139 399 1175 447 η
1213 383 1399 433 καλῶν
1446 377 1677 446 ἄπειρος
1713 376 1791 433 ὢν
1832 380 1952 433 Οὐκ
1990 375 2109 434 οἶδε
2142 376 2245 436 τὸν

220 450 479 522 μέγιστον
516 451 845 519 ἀνθρώποις
879 449 1022 506 θεόν
1058 449 1281 505 monuit
1314 448 1647 504 Meinekius.

365 563 395 610 1
437 572 543 627 ego
581 573 714 611 uero
751 557 1013 611 Amorem
1047 558 1322 626 supplevit
1357 558 1643 612 Bentleins
1766 562 1799 609 2
1834 558 2043 629 rerum]
2079 573 2247 611 uene-

225 646 349 681 rum
385 630 617 684 coniecit
651 629 964 683 Meinekius
1178 626 1480 682 existumet
1522 630 1613 697 (ex
1648 627 1921 684 Ciceronis
1956 631 2067 699 ore)
2112 629 2246 699 Rey.
2327 661 2328 664 =

225 700 378 755 Pith.
412 699 558 755 Gud.
599 698 888 771 existimat
913 702 1074 770 vulyo
1111 698 1387 753 existumo
1417 700 1700 755 Bentleius
1806 705 1838 753 3
1878 698 1992 753 cuii
2026 701 2246 779 scripsi:

224 772 296 839 cf.
328 771 593 841 Pompon.
621 776 723 825 146
760 778 810 826 et
846 771 1179 826 Ritschelius
1213 773 1290 825 ad
1326 771 1529 826 Plauti
1561 771 1715 826 Trin.
1745 777 1849 825 358
1885 773 1966 826 ed.
1996 776 2028 823 2
2067 787 2159 823 cui
2186 790 2249 838 ω,

226 858 324 896 nec
361 842 591 908 offendit
625 843 966 897 Bentleium:
1021 842 1323 909 Ciceronis,
1376 858 1491 896 non
1534 848 1727 911 poetae
1778 859 1887 898 esse
1941 844 2251 897 arbitratwr

232 912 655 969 C'FWMneller
709 912 866 966 cuius
903 913 1154 981 Ernesti,
1210 914 1355 982 quod
1403 914 1534 967 olim
1570 915 1804 993 probavi
1988 919 2024 966 4
2061 910 2249 966 sanari

236 984 450 1040 Oxonn.
481 985 609 1054 aliq.
639 991 704 1039 ut
737 985 866 1052 vid„
904 984 1220 1052 Manutius,
1257 985 1545 1039 Bentleins
1579 983 1825 1037 insanire
1862 1005 1905 1053 φ
2025 986 2249 1040 Versum

226 1056 492 1110 excidisse
518 1057 659 1111 vidit
685 1056 971 1109 Bentleius
1005 1056 1168 1110 talem
1200 1056 1339 1123 fere:
1373 1070 1543 1122 quem
1580 1053 1710 1108 odio
1748 1056 1886 1125 esse,
1924 1070 2092 1123 quem
2118 1071 2249 1109 con-

230 1125 425 1195 temni,
464 1142 633 1193 quem
669 1125 891 1179 excludi
928 1126 1079 1180 foras
1260 1131 1293 1180 5
1332 1141 1499 1194 quem
1536 1125 1739 1195 expeti,
1778 1143 1944 1194 quem
1982 1124 2252 1181 arcessier

230 1198 421 1266 Bem,
460 1197 749 1266 Erasmus,
785 1198 1071 1253 Bentleius
1107 1213 1273 1265 quem
1311 1196 1499 1266 expeti
1535 1213 1701 1265 quem
1737 1197 1993 1252 arcessiri
2028 1199 2132 1269 (vel
2158 1213 2251 1251 ac-

232 1267 426 1323 cersiri
462 1269 636 1338 Pith.)
673 1290 717 1339 φ
753 1285 921 1338 quem
958 1267 1233 1337 accersiri,
1272 1284 1440 1336 quem
1475 1268 1663 1337 expeti
1704 1269 2081 1325 Cratandrina

1162 1400 1305 1457 XVI

229 1502 446 1568 Homo
492 1501 742 1566 homini
789 1502 942 1566 deus
988 1506 1110 1587 est,
1155 1503 1217 1565 si
1257 1523 1447 1566 suum
1493 1501 1779 1566 officium
1824 1502 1999 1566 sciat.

369 1623 735 1693 Symmachus
782 1622 944 1693 epist.
982 1623 1059 1676 IX
1099 1628 1202 1677 114
1251 1623 1432 1677 ‘recte
1471 1622 1747 1678 Caecilius
1785 1621 2028 1676 comicus
2065 1623 2250 1695 hom0‚

228 1694 433 1765 inquit,
470 1694 716 1749 homini’
758 1710 804 1749 e.
843 1712 895 1763 q.
935 1711 978 1749 s,
1053 1693 1132 1749 Cf.
1171 1693 1350 1765 Epist.
1386 1694 1439 1748 Π

1135 1844 1340 1902 XVIII

237 1945 438 2033 Saepe
485 1951 582 2012 est
628 1946 822 2011 etiam
844 1946 846 1949 ’
867 1950 986 2031 sup
1032 1944 1296 2031 palliolo
1344 1945 1602 2011 sordido
1647 1944 1976 2030 sapientia.
2253 1963 2359 2012 266

373 2069 567 2125 Cicero
605 2068 766 2122 Tusc.
798 2067 941 2137 disp.
979 2068 1056 2121 III
1094 2074 1179 2137 23,
1218 2072 1286 2122 56
1328 2066 1441 2122 ‘hic
1479 2068 1736 2123 Socrates
1774 2071 2251 2136 commemoratur,

237 2140 327 2195 hic
364 2140 664 2210 DiogeneS‚
700 2139 794 2192 hic
833 2138 1214 2193 Caecilianum
1248 2137 1420 2194 illud:
1458 2141 1647 2208 saepe’
1688 2156 1733 2194 e.
1772 2157 1824 2207 q.
1864 2158 1903 2193 s.

1174 2271 1316 2329 XIX

244 2373 489 2451 Quaeso
536 2373 767 2459 igitur,
814 2372 1104 2457 quisquis
1150 2373 1242 2457 es,
1286 2394 1430 2436 mea
1474 2371 1705 2436 mulier
1751 2422 1765 2437 .
1812 2423 1827 2435 .

371 2494 593 2549 Nonius
633 2501 752 2564 197,
792 2500 860 2548 34
902 2492 1078 2547 ‘cuis
1126 2496 1184 2548 et
1228 2493 1422 2563 generi
1475 2492 1745 2547 feminino
1800 2492 2036 2547 attribui
2088 2509 2254 2563 posse

241 2569 494 2622 ueterum
532 2564 840 2620 auctoritas
877 2565 1063 2620 uoluit
1099 2608 1111 2620 .
1144 2609 1156 2620 .
1188 2608 1200 2619 .
1241 2563 1543 2620 Caecilius:
1581 2565 1812 2632 quaeso'
1854 2580 1900 2619 e.
1939 2582 1991 2632 q.
2032 2582 2073 2619 s.
2151 2625 2156 2629 ,
2241 2626 2242 2629 ¹

374 2689 586 2742 quaero
630 2673 836 2728 Onions
978 2670 1104 2740 quis
1142 2673 1417 2727 trochaeos
1450 2673 1671 2727 metiens
1704 2689 1746 2727 x

1185 2822 1296 2880 XX

238 2923 677 2990 Grammonsis
725 2923 927 2988 oculis
970 2921 1138 3007 ipsa,
1184 2923 1410 2988 atratis
1458 2923 1755 2988 dentibus

372 3044 594 3100 Nonius
618 3050 737 3115 119,
762 3050 827 3098 19
860 3042 1222 3114 ‘gramiae,
1249 3043 1495 3113 pituitae
1525 3045 1849 3099 oculorum.’
1887 3045 1965 3100 cf.
1984 3045 2253 3101 Plocium.

338 3151 753 3280 ¹:izi-ammonsis
793 3151 926 3205 FH
929 3151 982 3205 L
1018 3150 1350 3220 grammosis
1388 3171 1431 3220 φ
1611 3150 1874 3205 dentibus
1914 3152 1976 3206 F
1985 3153 2004 3185 ¹
2039 3153 2257 3208 Aldina

233 3242 339 3295 gen

429 3241 496 3278 us
535 3245 577 3293 φ
1170 3301 1312 3359 XXI

241 3403 605 3470 Aduehitur
651 3426 798 3469 cum
843 3402 1044 3489 iligna
1082 3422 1317 3466 corona
1355 3405 1420 3465 et
1456 3401 1814 3487 chlamyde:
1862 3403 1927 3468 di
1970 3366 2258 3468 nostram

1401 3507 1621 3574 fidem!
