2610 4007
379 145 505 210 152
721 145 821 199 EX
856 145 935 199 IN
938 144 1122 200 CERT
1124 144 1189 199 IS
1224 143 1305 198 IN
1308 143 1706 199 CERTORVM
1726 144 2045 198 *FABVLIS

1240 312 1519 371 LXXXII
1618 345 1622 350 ·

270 454 372 503 102
395 433 688 501 Similem
732 432 976 499 habent
1009 431 1218 497 labiae
1262 432 1579 496 lactucam
1625 431 1994 497 comedente
2040 432 2219 497 asino
2268 454 2397 497 car-

1971 538 2147 604 duos,

521 661 894 743 Hieronymus
933 660 1009 714 ad
1045 659 1430 715 chromatium
1461 660 1487 713 I
1518 665 1548 713 7
1590 660 1918 714 ‘secundum
1953 660 2113 730 illud,
2153 661 2233 714 de
2271 677 2398 729 quo

379 734 589 789 semel
627 733 697 786 in
736 732 883 786 uita
920 731 1230 786 Crassum
1286 730 1387 784 ait
1439 729 1684 785 risisse
1737 731 2073 787 Lucilius·
2131 730 2395 786 similem’

377 822 424 861 e.
465 824 518 875 q.
558 823 599 886 s:
675 803 743 858 Se
783 801 1066 857 tenarium
1113 801 1366 856 restituit
1409 821 1446 855 x
1489 820 1630 857 mus.
1675 802 1850 857 Rhen.
1900 809 1993 873 24,
2033 808 2136 856 249
2183 802 2278 883 (cf.
2326 803 2399 857 ad

377 876 553 930 Lucil.
574 874 681 929 inc.
704 873 744 929 C
842 875 888 944 I)
909 872 1163 928 auditum
1194 890 1228 927 a
1255 872 1499 928 Crasso
1482 891 1544 927 ιιι
1571 872 1861 928 comoedia
1887 874 2062 928 fuisse
2099 873 2395 928 coniciens.

520 980 711 1035 labiae
747 981 872 1035 Bue
905 979 1071 1034 labra
1106 979 1483 1051 Hieronymus
1586 980 1868 1034 lactucam
1902 980 2066 1035 labra
2098 998 2141 1036 x
2241 979 2397 1034 asino

380 1053 618 1107 carduos
657 1051 982 1106 comedente
1020 1052 1411 1123 Hieronymus,
1446 1069 1585 1123 quae
1620 1054 1959 1122 transposuit
1992 1070 2033 1107 x

521 1193 600 1248 Vt
650 1193 715 1248 fr.
753 1192 978 1247 LXXIX
1012 1193 1217 1262 Varro,
1263 1192 1403 1247 item
1446 1192 1694 1247 Lucilius
1731 1193 1861 1247 vide
1909 1211 1981 1248 an
2017 1196 2242 1263 praeter
2278 1210 2400 1247 ver-

381 1264 622 1320 siculum
657 1264 824 1319 modo
860 1264 1143 1334 prolatum
1180 1280 1417 1318 scaenae
1456 1263 1663 1319 debeat
1700 1264 1875 1318 etiam
1909 1265 2011 1319 hos
2051 1265 2222 1321 duos:

451 1371 670 1448 Caede
709 1371 983 1441 ostium,
1021 1370 1317 1440 Gnatho,
1354 1372 1533 1440 urge.
1606 1373 1921 1427 restant?
1956 1370 2303 1441 periimus.

375 1446 751 1583 θᾖῦίιιιιίήιό,
789 1513 955 1583 quid
992 1516 1218 1568 actum
1254 1515 1399 1569 est?
1433 1545 1505 1554 —
1539 1512 1853 1583 Depilati
1892 1515 2117 1568 omnes
2156 1531 2399 1567 sumus.

379 1622 605 1676 Laudat
657 1620 901 1701 priorem
952 1619 1171 1675 Nonius
1225 1638 1279 1689 p.
1321 1624 1559 1689 272,15
1605 1620 1947 1688 caedere,
2001 1619 2260 1690 frangere
2300 1663 2312 1675 .
2345 1664 2356 1674 .
2387 1663 2399 1676 .

380 1691 693 1747 Lucilius
747 1690 846 1746 lib
884 1691 1166 1745 XXVIIII.
1222 1691 1417 1745 caede’
1467 1707 1514 1745 e.
1554 1709 1606 1760 q.
1647 1708 1689 1747 s.
1729 1694 1787 1746 et
1832 1697 1955 1760 417,
1992 1692 2119 1745 31‘
2132 1706 2396 1762 urgere,

383 1762 660 1817 insistere.
732 1761 1041 1815 Lucilius
1079 1761 1178 1816 lib.
1216 1761 1476 1818 XXVIII.
1525 1762 1719 1816 caede’
1760 1779 1805 1817 e
1845 1780 1897 1831 q.
1936 1780 1988 1817 s.
2161 1762 2399 1816 alterum

382 1833 534 1887 idem
589 1851 643 1903 p.
683 1838 769 1900 36,
809 1838 876 1886 25
935 1832 1266 1902 ‘depilati
1322 1832 1529 1887 dicitur
1581 1833 1862 1889 rarefacti.
1935 1832 2247 1887 Lucilius
2302 1832 2396 1886 lib.

382 1904 589 1960 ΧΧΙΧ.
626 1904 785 1957 nato’
827 1919 874 1957 e.
913 1921 966 1972 q.
1006 1921 1048 1959 s.
1193 1904 1369 1959 Varia
1402 1904 1674 1958 librorum
1710 1904 1988 1974 scriptura
2021 1905 2187 1959 haec:

529 1982 557 2030 1
607 1974 893 2029 reistam
935 1992 989 2045 p.
1030 1980 1133 2031 272
1348 1975 1609 2031 Fortasse
1655 1978 1928 2031 restant
1972 1978 2029 2030 et
2073 1975 2400 2045 periimus

381 2047 534 2102 inter
571 2047 711 2100 duas
746 2062 1015 2116 personas
1053 2046 1470 2119 distribuenda3
1520 2047 1659 2103 item
1694 2066 1745 2102 v.
1788 2054 1819 2102 2
1867 2047 2100 2102 distinxi
2135 2063 2400 2117 personas

1161 2225 1164 2229 ’
1231 2251 1543 2310 LXXXIII

385 2370 561 2448 Quae
607 2372 833 2456 potero
880 2375 1171 2458 tangam:
1217 2375 1289 2436 tu
1336 2371 1498 2436 mihi
1543 2371 1717 2459 leges
1762 2376 1925 2437 tene.

527 2493 675 2547 Exce
744 2495 806 2546 ta
841 2492 1149 2547 Bernensia
1182 2490 1244 2545 in
1279 2492 1503 2562 Hageni
1540 2493 1687 2547 anal.
1725 2492 1961 2562 Helvp
2017 2491 2299 2561 CCXXIII,
2338 2495 2403 2544 14

384 2563 663 2704 ἑέιιιιξῖιιιιὲ
694 2653 746 2703 q
754 2563 1010 2689 osletanus
1062 2582 1116 2633 p.
1158 2566 1236 2634 9).
1298 2563 1395 2618 ‘da
1449 2563 1548 2618 ubi
1605 2563 1916 2634 supposita'
1922 2511 2299 2634 p(liquescat
2329 2564 2399 2632 s)-

528 2740 709 2796 tumia
744 2742 1009 2796 Iulianus
1198 2741 1390 2797 Conici
1417 2743 1593 2811 possit
1628 2742 1692 2795 tu
1727 2741 1869 2795 mihi
1903 2741 2058 2811 leges
2094 2741 2241 2795 bene
2276 2742 2404 2794 tene

476 2814 886 2869 Pentametrum
919 2814 1275 2884 yrammatico
1310 2815 1485 2869 visum
1518 2829 1625 2868 esse
1652 2820 1820 2883 putat
1855 2814 1981 2868 Bae

1244 3015 1549 3074 LXXXIV

1449 3138 1568 3181 uae
1612 3115 1801 3201 mihi,
1847 3117 2052 3180 mater
2097 3119 2264 3181 mea!

530 3240 809 3309 Excerpta
845 3238 1008 3294 Bern.
1046 3237 1107 3291 in
1142 3238 1365 3308 Hageni
1402 3238 1549 3294 anal
1588 3237 1822 3307 Helv.p
1828 3236 2190 3293 .OCXXVIII
2226 3240 2286 3291 et
2318 3237 2407 3291 Iu'-

385 3311 574 3366 lianus
613 3310 919 3364 Toletanus
963 3328 1017 3379 p.
1059 3310 1218 3363 103‘
1231 3325 1310 3363 ue
1349 3312 1436 3365 est
1472 3256 1822 3391 coniunctiop
1834 3353 1844 3363 .
1972 3308 2200 3377 quando
2236 3308 2409 3362 fuerit

388 3381 835 3452 praepositiuum
862 3383 920 3435 et
952 3399 1080 3436 cum
1116 3381 1489 3436 commotione
1528 3378 1701 3434 animi
1739 3352 1968 3449 dictum,
2007 3383 2071 3434 ut
2105 3382 2263 3450 puta,
2300 3386 2410 3434 uae

566 3470 639 3507 m
668 3470 760 3520 m.‚
797 3451 906 3506 erit
940 3451 1343 3507 interiectio
1383 3451 1727 3507 dolentis’
1781 3450 1971 3505 Etiam
2009 3467 2077 3505 ex
2113 3450 2410 3521 tragoedia

391 3524 618 3591 sumpta
654 3538 774 3576 esse
809 3525 1060 3591 possunt.
