2610 4007
262 1254 330 1301 80

382 186 507 250 148
724 184 822 238 EX
857 183 1189 239 INCERTIS
1226 182 1709 239 INCERTORVM
1743 181 2044 236 FABVLIS

511 346 659 400 LXV
697 362 777 413 sq.
853 344 1064 398 Seneca
1109 342 1272 412 epist.
1313 348 1441 412 108,
1485 349 1546 396 11
1592 342 1692 396 ‘de
1744 344 2068 410 contemptu
2120 341 2398 423 pecuniae

370 418 551 471 multa
588 416 891 470 dicuntur.
952 414 1174 483 ,magis
1211 417 1404 468 tamen
1438 413 1716 468 feriuntur
1751 412 1941 480 animi,
1980 429 2106 466 cum
2143 413 2398 467 carmina

372 489 519 543 eius
565 487 747 542 modi
784 486 939 541 dicta
976 488 1132 540 sunt.
1187 484 1245 539 is
1292 485 1599 539 minimo’
1640 500 1687 539 e
1726 502 1778 552 q.
1820 502 1861 537 s.
1971 484 2151 552 quod
2204 485 2393 538 uult'

371 578 417 615 e.
448 578 501 628 q.
533 577 574 613 S.
636 560 786 613 ‘cum
819 558 961 611 haec
999 560 1168 624 atque
1204 556 1373 610 huius
1410 556 1564 610 modi
1601 555 1939 623 audimus,
1977 555 2053 608 ad
2090 554 2398 610 confessio-

369 648 499 685 nem
548 629 806 685 ueritatis
845 627 1214 682 adducimur.’
1289 627 1452 681 Publ.
1492 627 1610 696 Syr.
1649 629 1787 680 sent.
1828 632 1947 680 242
1986 631 2092 680 443
2129 626 2206 679 R¹
2243 627 2288 696 (I
2326 633 2399 681 56

371 702 417 767 Q
458 708 524 758 74
561 702 658 771 M.)

508 789 804 844 minimum
841 788 990 843 Fris.
1030 788 1163 859 Syri

1280 883 1477 943 LXVI

369 989 555 1066 Quod
598 988 742 1052 uult
786 986 1002 1073 habet,
1045 986 1157 1070 qui
1202 986 1370 1050 uelle
1418 985 1591 1070 quod
1635 986 1792 1050 satis
1839 986 1935 1050 est
1979 989 2210 1069 potest.

1261 1132 1490 1191 LXVII

367 1236 446 1301 In
487 1236 741 1301 nullum
785 1257 1017 1299 auarus
1061 1234 1270 1299 bonus
1318 1238 1442 1319 est,
1486 1235 1555 1298 in
1600 1256 1668 1298 se
1712 1235 2044 1318 pessimae.

510 1358 722 1412 Seneca
757 1357 919 1427 epist.
960 1361 1088 1424 108,
1128 1362 1159 1410 9
1200 1357 1336 1409 non
1372 1354 1532 1408 uides
1570 1371 1738 1423 quem
1773 1355 2077 1409 admodum
2111 1356 2395 1410 theatra

368 1432 773 1498 consonent,
811 1428 1072 1497 quotiens
1103 1426 1296 1495 aliqua
1325 1425 1480 1479 dicta
1508 1429 1640 1479 sunt
1667 1443 1814 1494 quae
1839 1425 2065 1496 publice
2095 1426 2394 1495 adgnosci-

366 1520 490 1556 mus
528 1504 587 1555 et
623 1517 897 1555 consensu
933 1516 1070 1580 uera
1107 1514 1227 1553 esse
1264 1500 1572 1551 testamur?
1611 1497 1794 1569 [Publ.
1835 1496 1953 1566 Syr.
1993 1499 2130 1553 sent
2174 1503 2274 1551 121
2314 1498 2393 1551 R¹

368 1601 434 1619 =
474 1579 576 1627 236
612 1572 702 1627 W.
739 1571 767 1625 I
806 1577 835 1625 7
872 1570 973 1652 M.]
1045 1569 1115 1623 in
1159 1568 1452 1622 nullum’
1504 1584 1550 1622 6.
1590 1586 1642 1649 q.
1683 1586 1724 1623 S.
1803 1568 1919 1621 ad
1972 1568 2093 1622 hos
2148 1585 2390 1623 uersus

362 1643 491 1698 ille
547 1642 1071 1697 sordidissimus
1125 1640 1407 1710 plaudit
1452 1642 1510 1693 et
1554 1638 1712 1693 uitiis
1761 1638 1875 1693 suis
1912 1639 2032 1693 fieri
2070 1639 2402 1728 conuicium·

364 1715 615 1784 gaudet)
689 1712 851 1768 Publ.
890 1713 1009 1781 Syr.
1048 1714 1187 1765 sent.
1226 1717 1333 1764 224
1369 1712 1447 1764 R¹
1484 1738 1551 1757 =
1589 1716 1694 1765 234
1721 1711 1812 1765 W.
1850 1711 1876 1764 Ι
1912 1717 1943 1764 5
1983 1711 2058 1764 M

505 1818 662 1873 nullo
701 1818 833 1890 Syri
867 1839 910 1872 ω

486 1918 495 1926 ’
1240 1913 1500 1972 LXVIH

363 2016 619 2081 Auarus
664 2015 915 2080 animus
958 2015 1137 2080 nullo
1185 2017 1459 2080 satiatur
1504 2015 1704 2081 lucro.

506 2137 733 2192 vam
761 2154 841 2205 sq
889 2135 1102 2191 Seneca
1129 2137 1293 2218 epist.
1315 2143 1401 2206 94,
1419 2137 1531 2191 43⁸
1535 2136 1661 2204 quis
1691 2139 1882 2191 autem
1908 2135 2204 2206 negauerit
2230 2136 2388 2190 feriri

366 2209 704 2290 quibusdam
729 2207 1045 2289 praeceptis
1075 2207 1380 2262 efficaciter
1407 2207 1580 2262 etiam
1606 2206 2073 2278 inperitissimos?
2110 2207 2269 2262 uelut
2295 2207 2386 2306 his

366 2279 711 2335 breuissimis
726 2278 978 2347 uocibuS,
996 2279 1096 2333 Sed
1109 2279 1351 2332 multum
1363 2278 1705 2333 habentibus
1719 2279 2008 2348 ponderis,
2027 2278 2174 2332 nihil
2191 2278 2383 2332 nimis’

367 2354 609 2417 (Τ6ι6ιι1,.
638 2351 810 2405 Andr.
846 2351 994 2420 61)‘
1008 2351 1286 2405 auarus'
1329 2366 1376 2405 6.
1406 2368 1458 2418 q.
1492 2368 1532 2404 s,
1572 2354 1662 2420 (=
1701 2350 1805 2419 Syr
1858 2356 1926 2404 37
1963 2351 2055 2418 R²‚
2094 2351 2145 2402 A
2182 2355 2250 2404 55
2287 2350 2387 2420 M)

369 2423 695 2478 ‘abalio'
738 2439 784 2477 e.
822 2439 875 2490 q.
915 2439 956 2475 S.
996 2421 1240 2491 (=Syr.
1282 2422 1444 2491 1R¹‚
1482 2421 1659 2490 2W.,
1697 2420 1953 2490 Α2Μ.)
2007 2394 2391 2475 ‘haeccum

365 2494 511 2548 ictu
568 2493 858 2563 quodam
912 2492 1222 2546 audimus
1276 2508 1382 2546 nec
1429 2465 1542 2546 ulli
1589 2492 1725 2546 licet
1772 2492 2032 2547 dubitare
2080 2494 2179 2546 aut
2214 2491 2389 2546 inter-

364 2581 589 2635 rogare·
636 2565 866 2633 quare?'
941 2563 1271 2618 Lactantius
1318 2563 1430 2617 div.
1467 2563 1647 2633 instit.
1684 2563 1711 2617 I
1751 2569 1835 2633 16,
1875 2569 1942 2618 10
1982 2564 2117 2618 ‘non
2152 2562 2387 2645 illepide

366 2636 577 2691 Seneca
612 2636 673 2688 in
708 2634 869 2688 libris
915 2634 1144 2689 moralis
1188 2634 1607 2715 philosophiae.
1692 2634 1794 2688 uid
1841 2651 1973 2704 ergo
2021 2637 2130 2704 est,
2179 2634 2385 2705 inquit,

365 2723 537 2775 quare
566 2706 718 2776 apud
743 2708 941 2774 poetas
971 2706 1351 2759 salacissimus
1379 2705 1630 2775 Iuppiter
1698 2705 1888 2759 esierit
1910 2705 2118 2760 liberos
2147 2681 2387 2762 tollere}

364 2782 553 2832 utrum
596 2776 994 2859 sexagenarius
1038 2776 1222 2831 factus
1269 2780 1357 2831 est
1402 2781 1461 2831 61,
1503 2776 1592 2829 1111
1637 2776 1727 2831 lex
1772 2776 1953 2847 Papia
2001 2774 2235 2830 fibulam
2280 2776 2388 2830 im-

363 2849 589 2930 posuit?
654 2866 728 2902 an
771 2847 1100 2917 impetrauit
1143 2848 1231 2902 ius
1277 2848 1451 2902 trium
1495 2847 1833 2929 liberorum?
1897 2865 1973 2902 an
2018 2847 2250 2902 tandem
2295 2847 2388 2902 illi

366 2920 525 2974 uenit
558 2919 620 2973 in
656 2922 900 2973 mentem
936 2918 1133 3000 [LXIX
1194 2923 1251 2974 et
1287 2919 1453 2973 timet
1486 2935 1557 2972 ne
1584 2918 1710 2987 quis
1742 2918 1851 2972 sibi
1879 2918 2056 2973 faciat
2083 2918 2280 2987 quod
2264 2936 2386 2989 lpse

365 2992 664 3046 Saturno?’
740 2990 860 3044 Ael.
899 2990 1182 3060 Lampri
1187 3008 1253 3044 uS
1301 2991 1372 3044 de
1413 2990 1734 3044 Alexandro
1782 2990 1986 3045 Severo
2034 2995 2098 3044 51
2152 2990 2388 3044 clama-

363 3064 576 3131 batque
615 3061 837 3130 saepius
874 3061 1024 3130 quod
1053 3078 1088 3115 a
1115 3061 1457 3129 quibusdam
1493 3061 1612 3115 siue
1646 3060 1868 3115 Iudaeis
1899 3060 2018 3115 siue
2049 3060 2385 3116 Christianis

367 3134 626 3188 audierat
661 3135 721 3187 et
756 3132 1004 3200 tenebat,
1041 3132 1211 3201 idque
1246 3150 1348 3202 per
1381 3148 1730 3202 praeconem,
1769 3149 1897 3186 cum
1924 3131 2171 3201 aliquem
2198 3149 2388 3187 emen·

365 3205 542 3274 daret,
582 3204 696 3259 dici
731 3203 989 3259 iubebat.
1047 3204 1225 3271 quod
1278 3203 1415 3259 tibi
1468 3203 1630 3258 fieri
1673 3220 1806 3258 non
1859 3203 1989 3272 uis,
2048 3203 2258 3257 alteri
2303 3220 2387 3257 ne

365 3275 634 3331 feceriS.
711 3275 891 3340 Quam
926 3274 1266 3328 sententiam
1301 3291 1477 3344 usque
1523 3275 1665 3329 adeo
1714 3273 1937 3343 dilexit,
1971 3277 2051 3328 ιι1,
2086 3278 2144 3328 61,
2180 3275 2242 3328 in
2278 3275 2387 3328 Pa·

364 3347 505 3408 latio
543 3350 602 3401 et
636 3346 697 3399 in
731 3345 974 3415 publicis
1013 3345 1273 3415 operibus
1310 3346 1618 3416 praescribi
1650 3345 1908 3400 iuberet’
1948 3345 2175 3400 Anthol.
2206 3346 2383 3415 epigr.

362 3417 464 3473 lat.
497 3424 615 3486 192,
646 3424 677 3470 3
710 3416 772 3471 Β.
816 3416 931 3470 ab
971 3416 1109 3470 alio
1148 3432 1403 3486 spereS,
1444 3417 1664 3471 altero
1702 3417 1885 3486 quod
1918 3416 1980 3471 f.’
2028 3417 2114 3470 Ex
2149 3416 2384 3472 Iudaica

365 3488 645 3555 sapientia
695 3487 1035 3542 sententiam
1070 3487 1276 3555 repetit
1312 3489 1430 3542 Jac.
1467 3488 1715 3558 Bernays
1755 3505 1842 3558 op.
1870 3489 1896 3542 Ι
1928 3493 2032 3541 274
2071 3505 2215 3557 sqq.,
2257 3487 2383 3557 Syri

364 3573 477 3610 non
513 3574 737 3612 memor.
