2610 4007
357 173 490 238 240
1136 172 1195 226 L.
1231 170 1561 225 AFRANIV
1563 169 1599 224 S

353 336 420 415 ut
454 351 507 402 p.
540 339 643 388 509
682 334 745 401 ω)
791 331 1107 412 ‘Turpilius
1143 330 1319 385 Pedio
1348 328 1479 455 EXI]
1518 331 1742 386 Cassius
1779 330 2021 386 Hemina
2059 373 2071 385 .
2095 373 2144 384 ..
2183 330 2388 384 huma-

354 407 509 459 nitus
547 406 806 475 aguntur.
881 402 1147 456 Aframus
1181 403 1345 472 Repu
1386 405 1531 458 iato:
1569 404 1805 472 quanto’
1838 420 1885 457 e.
1917 421 1969 471 q.
2001 420 2043 456 s,

502 535 529 582 1
569 527 831 582 fallacius
861 528 955 582 Ba
1071 533 1103 581 2
1143 544 1325 596 aequo
1356 528 1639 583 Meo-cerus
1675 543 1819 596 equo
1856 540 1903 595 ψ
1944 543 2050 597 ego
2080 528 2138 580 P
2240 526 2390 580 ferre

356 603 437 657 ed.
467 620 519 656 a.
551 606 688 655 1476
731 599 847 653 fere
882 612 929 667 ψ
967 598 1084 653 fore
1123 600 1180 652 P
2181 620 2186 623 ·

1322 784 1410 843 IV

571 938 584 951 .
675 885 889 970 perdit
931 884 1153 972 ingeni
1199 885 1590 977 inbecillitas

358 993 731 1077 Turbatque
776 1014 905 1077 me,
954 1014 1081 1076 quo
1128 993 1329 1058 setius
1372 1015 1475 1057 me
1522 993 1840 1080 colligam.

498 1133 677 1200 IVsq.
717 1130 1001 1186 Charisius
1037 1149 1091 1212 p.
1124 1137 1227 1186 195
1264 1132 1325 1187 Ρ.
1368 1132 1621 1187 ‘setius
1657 1149 1759 1202 pro
1796 1130 1981 1186 minus
2019 1131 2291 1187 Afranius
2329 1132 2396 1186 in

357 1203 678 1273 Repudiato
715 1203 841 1275 [IV]
880 1202 1159 1271 sequius
1195 1203 1350 1257 idem
1384 1203 1445 1257 in
1481 1204 1680 1258 eodem
1716 1203 1855 1275 [V].’

503 1334 532 1381 1
569 1326 765 1398 ingeni
799 1329 999 1398 scripsi
1031 1327 1231 1409 ingens
1263 1331 1379 1384 cod.
1490 1335 1521 1410 2
1559 1327 1864 1396 turbatque
1901 1344 1991 1382 me
2028 1344 2139 1396 quo
2179 1329 2400 1384 conieci

357 1402 458 1454 tua
496 1415 639 1468 equo
675 1400 792 1454 cod.
946 1398 1143 1480 (nisi)
1180 1398 1515 1469 inpediret
1498 1419 1535 1455 1
1564 1399 1601 1454 i.
1640 1399 1938 1467 Metasque
1973 1415 2063 1453 me
2100 1416 2215 1468 quo
2258 1401 2399 1455 olim

350 1473 619 1542 proposui
661 1469 859 1540 ingens
896 1469 1117 1539 inpedit
1150 1470 1538 1526 'Imbecillitas
1573 1473 1675 1525 tua
1710 1487 1800 1524 me
1836 1487 1947 1540 quo
1986 1471 2113 1526 Bue

1343 1656 1399 1713 V

361 1756 503 1842 Sin,
547 1758 615 1822 id
661 1757 834 1842 quod
877 1779 1009 1822 non
1054 1759 1269 1842 spem,
1316 1757 1483 1822 ratio
1529 1757 1678 1822 talis
1723 1758 1985 1842 sequius
2031 1759 2342 1824 ceciderit

501 1896 728 1964 sequius
761 1905 1122 1966 anapaestum
1152 1914 1386 1967 aequare
1412 1898 1802 1953 demonstravit
1831 1897 2225 1954 Fleckeisenus
2249 1916 2396 1954 mus.

357 1967 533 2024 Rhen.
564 1973 614 2038 8,
645 1973 765 2039 222,
804 1985 960 2041 quem
994 1987 1093 2025 nec
1123 1968 1416 2026 Corssemos
1450 1971 1620 2041 symb.
1649 1970 1768 2025 crit.
1800 1974 1915 2039 10st
1951 1987 2049 2026 nec
2080 1970 2401 2027 Muellerus

350 2042 570 2110 pro-sod.
600 2012 923 2096 ’1²laut.467
959 2043 1224 2109 refutavit

1328 2226 1416 2285 VI

381 2414 434 2481 Ο
510 2418 609 2481 ω
1119 2350 1238 2415 age
1283 2331 1466 2392 curre
1514 2328 1753 2392 cursim
1800 2327 1880 2392 ad
1925 2326 2302 2394 Numisium

255 2431 358 2482 295
439 2438 509 2481 oo
611 2438 665 2481 0.

504 2537 791 2593 Charisius
827 2557 880 2607 p.
906 2542 1008 2592 186
1046 2538 1105 2593 P.
1149 2537 1474 2607 ‘occulto‚
1513 2540 1578 2593 ut
1614 2538 1800 2593 falso?

1311 2734 1430 2792 VII

1529 2817 1817 2901 pauxillo
1863 2817 2044 2903 prius

361 2904 469 2970 Me
515 2906 834 2971 conuenit.

507 3026 791 3081 Charisius
828 3045 881 3096 p.
906 3033 1006 3081 191
1045 3027 1104 3081 Ρ.
1149 3026 1492 3097 ‘pauxillo
1528 3025 1759 3096 prius?

1294 3222 1446 3281 VIII

498 3324 727 3391 Festus
771 3348 832 3409 p.
862 3325 994 3390 334
1033 3324 1122 3389 Μ.
1169 3324 1640 3411 ‘sexagenarios
1686 3323 1763 3387 de
1808 3328 2006 3408 ponte
2051 3361 2141 3371 —
2178 3342 2285 3371 —‘
2308 3364 2398 3373 —

364 3455 638 3497 uanam
713 3435 962 3497 autem
1038 3430 1476 3517 opinionem
1551 3425 1636 3494 de
1716 3433 1947 3515 ponte
2020 3430 2396 3498 Tiberino

367 3539 873 3603 confirmauit
924 3536 1294 3603 Afranius
1354 3538 1432 3602 in
1487 3535 1961 3620 Repudiato?
