2610 4007
378 160 509 223 320
1249 157 1522 213 NOVIVS

1361 344 1423 402 H

377 445 603 511 'Instat
645 449 1097 511 mercaturam:
1145 467 1331 529 spero
1377 447 1515 509 τέω
1560 444 1777 509 faciet:
1825 444 2000 530 frugi
2046 446 2144 508 (est
2190 444 2409 509 homo.

520 576 737 631 Nonius
777 582 897 645 212,
937 583 1005 630 30
1046 577 1455 629 ‘mercatura
1499 574 1757 629 feminini
1796 619 1807 630 .
1840 619 1852 630 .
1886 619 1896 628 .
1935 574 2154 628 Nouius
2201 573 2264 627 in
2300 574 2411 628 Mi-

381 647 578 702 litibus
614 646 1127 702 Pometinensibus:
1164 646 1403 700 instant’
1437 663 1483 701 e.
1513 664 1565 715 q.
1597 664 1637 700 s.

522 763 701 817 instat
738 764 869 818 Par.
907 763 977 833 Q,
1016 763 1260 833 Scaliger
1304 761 1521 816 instant
1557 782 1599 815 ω
1754 761 1869 816 ista
1905 763 2222 815 mercatura
2258 779 2299 815 x

382 851 541 904 spero
578 851 697 888 rem
732 834 994 889 EF⁸H1
1029 850 1283 902 perorem
1319 834 1400 887 L¹
1435 832 1710 902 periorem
1743 832 1923 888 H²L²
1957 832 2205 902 peiorem
2236 833 2320 886 F²
2340 834 2424 887 W

1345 1001 1440 1059 III

381 1102 480 1167 Τιί
515 1104 699 1187 pueri
736 1101 1004 1187 pausilli
1040 1102 1249 1167 simile
1286 1124 1380 1186 63,
1428 1101 1581 1186 quia
1616 1102 1787 1166 enim
1825 1101 1906 1165 ad
1943 1123 2014 1165 os
2059 1101 2189 1166 fers
2231 1100 2416 1185 qm‘c-

1656 1208 1813 1293 quid
1857 1207 2161 1273 nanctu'S.

523 1331 740 1385 Nonius
780 1337 900 1400 224,
938 1337 1007 1385 28
1049 1329 1299 1383 ‘simile
1348 1332 1452 1383 est
1496 1346 1596 1399 pro
1645 1328 1844 1382 similis
1884 1333 1994 1398 est,
2041 1346 2143 1398 pro
2184 1345 2418 1382 mascu—

385 1402 501 1457 lino
569 1402 818 1472 positum
885 1405 1147 1456 neutrum
1210 1400 1453 1455 Titinius
1517 1400 1847 1454 Fullonibus
1915 1401 2089 1473 [XIII]
2151 1400 2418 1454 Naeuius

386 1473 747 1543 Gymnastico
804 1473 980 1545 [Vm]
1036 1472 1253 1526 Nouius
1309 1472 1369 1525 in
1423 1471 1701 1525 Militibus
1747 1471 2260 1526 Pometinensibus:
2318 1473 2414 1525 tu'

386 1561 431 1600 e.
462 1563 515 1613 q.
546 1563 587 1599 s,

527 1650 709 1704 simile
743 1654 829 1705 est
857 1671 927 1707 m:
965 1652 1034 1718 cf.
1064 1651 1177 1705 Leo
1205 1650 1295 1704 Pl.
1327 1650 1398 1703 F.
1428 1654 1531 1703 258
1569 1647 1751 1702 simile
1789 1664 1848 1702 es
1876 1650 2153 1704 Bentimas
2189 1647 2421 1701 simili's

386 1722 717 1777 Bitschelius
753 1739 931 1791 opusc.
969 1723 1048 1775 II
1086 1726 1215 1789 616,
1266 1723 1359 1776 sed
1401 1723 1545 1775 idem
1592 1719 1741 1773 simil
1777 1737 1861 1788 es,
1913 1722 2057 1790 quod
2098 1736 2421 1789 posueram,

378 1793 651 1861 probabat
689 1811 745 1862 p.
779 1798 879 1846 617
1024 1792 1283 1845 nanctu's
1320 1793 1518 1860 scripsi
1561 1794 1799 1859 nanctus
1839 1794 1926 1845 est
1961 1791 2043 1844 L1
2086 1793 2292 1844 noctus
2334 1795 2427 1844 est

389 1863 480 1987 ᾗῑ
532 1866 699 1988 {stus
751 1866 838 1917 est
893 1865 965 1918 W
1016 1865 1216 1916 nactus
1269 1865 1357 1916 est
1408 1884 1451 1932 φ
1506 1865 1706 1917 nactus
1759 1878 1816 1915 es
1872 1863 1952 1918 ed.
1996 1867 2134 1915 1526
2191 1863 2423 1915 nactu's

460 1951 541 1988 wn
575 1951 664 1988 ms

825 2102 1120 2161 MORTIS
1168 2104 1271 2161 ΕΤ
1319 2102 1562 2161 VITAE
1610 2100 1984 2161 IVDICIVM

385 2220 487 2286 Ita
530 2222 719 2286 u6bis
766 2221 1010 2286 otidsus
1055 2244 1225 2306 sum,
1270 2225 1346 2286 ut
1391 2222 1481 2285 mi
1527 2221 1754 2308 alge‘bo
1803 2224 1868 2286 et
1911 2222 2001 2284 mi
2048 2220 2232 2285 esuri
2239 2221 2348 2286 bo.

527 2352 744 2407 Nonius
781 2357 903 2420 479,
944 2358 972 2406 7
1016 2350 1314 2406 ‘esuribo
1358 2369 1459 2421 pro
1508 2351 1749 2406 esuriam
1945 2350 2163 2404 Nouius
2208 2351 2417 2405 Mortis

389 2427 447 2478 et
483 2423 637 2478 uitae
673 2423 907 2479 iudicio:
951 2423 1057 2477 ita’
1089 2440 1134 2478 e.
1167 2440 1219 2491 q.
1251 2441 1292 2477 s.

530 2542 596 2593 ut
632 2540 834 2607 Palat.‚
873 2556 970 2593 om.
1003 2560 1046 2608 φ
1177 2538 1319 2592 mihi
1356 2541 1477 2610 (bis)
1515 2560 1557 2593 ω
1684 2541 1742 2593 et
1777 2551 1824 2605 ψ
1872 2540 1936 2591 ut
1973 2538 2155 2593 Palat.
2291 2554 2421 2592 esu-

390 2609 512 2664 ribo
551 2612 735 2665 Palat.
775 2610 997 2665 seruibo
1036 2632 1078 2680 φ

1284 2785 1522 2846 OPTIO

286 2922 407 2973 6415
438 2905 570 2983 Qus
626 2928 728 2970 me
792 2907 1097 2970 miserum
1159 2905 1557 2970 miseriorem
1615 2906 1895 2971 re'ddidit
1954 2928 2145 2989 quam
2205 2907 2421 2989 painus

1664 3034 1951 3097 puerum.

532 3134 747 3189 Nonius
797 3142 923 3204 149,
963 3141 1027 3189 27
1082 3136 1325 3204 ‘panus
1375 3177 1563 3190 .....
1611 3136 1810 3187 tumor‘
1841 3150 2062 3202 quoque
2113 3132 2420 3203 ing-uinum

391 3224 459 3260 ex
505 3206 717 3260 formae
764 3205 1132 3260 similitudine
1175 3205 1255 3259 sic
1291 3208 1528 3259 uocatur
1566 3249 1577 3258 .
1611 3248 1621 3258 .
1656 3249 1665 3259 .
1704 3204 1920 3258 Nouius
1961 3204 2230 3274 Optione:
2283 3205 2416 3274 qui’

392 3295 436 3333 e.
469 3296 520 3345 q.
553 3296 593 3331 s.
638 3278 809 3346 ‘quod
844 3277 1005 3347 pueri
1042 3276 1263 3347 aegrius
1299 3276 1593 3346 patiantur
1628 3276 1735 3329 hoc
1771 3291 1948 3345 genus
1985 3275 2208 3330 morbi.’

538 3394 888 3450 Octonarium
925 3396 1146 3465 agnovit
1182 3394 1330 3446 Bae.-
1375 3394 1715 3447 senariorum
1749 3393 1934 3459 frusta
1969 3393 2098 3446 olim
2135 3392 2414 3459 dederam,

390 3483 417 3518 e
464 3467 658 3532 quibus
702 3467 945 3533 priorem
987 3467 1069 3518 vel
1117 3463 1215 3531 qui
1259 3466 1349 3517 ms
1399 3463 1723 3517 miserulum
1767 3465 1850 3518 vel
1898 3462 1996 3531 qui
2040 3462 2275 3530 quidem
2323 3480 2416 3518 me

391 3534 656 3587 miserum
691 3538 971 3589 scribendo
1006 3537 1250 3604 suppleri
1277 3552 1434 3604 posse
1469 3537 1768 3590 statuebam
1911 3550 2001 3587 me
2037 3551 2138 3588 om.
2171 3534 2255 3587 ΓΙ
