2610 4007
362 156 498 226 248
1144 156 1205 213 L.
1237 153 1604 212 AFRANIVS

365 430 611 516 'anue
655 430 854 495 ferme
901 430 967 493 se
1014 426 1238 491 dedere
1284 327 1516 490 mlelius
1562 422 2037 491 consultoribus

369 536 578 616 Quam
622 532 968 603 restrictim
1014 530 1297 621 cogitata
1342 536 1536 617 atque
1582 528 1881 597 omnibus
1924 530 2288 600 rationibus

510 659 729 759 N’onius
755 664 878 741 516,
907 663 941 711 8
973 654 1377 711 ‘restrictim
1401 667 1505 723 pro
1531 653 1805 711 resu‘icte.
1849 654 2116 710 Afraniu-
2142 656 2408 737 Thaide:⁸

368 742 549 801 eaque
601 748 650 787 e.
678 744 733 799 q.
763 747 804 784 s.
2401 742 2404 745 Ἴ

513 840 543 892 1
583 853 690 906 que
729 834 785 891 P
824 846 968 904 quae
1006 855 1049 905 φ
1199 831 1374 888 ferme
1410 828 1656 887 H²L¹P
1695 831 1850 888 firme
1887 854 1932 903 φ
2085 850 2145 888 se
2182 832 2404 889 dedere

369 903 690 977 Fmterius,
737 906 885 963 Bne:
931 902 1002 974 cf.
1038 901 1218 961 cowll.
1255 900 1484 958 LXXVI
1517 922 1593 975 sq.
1648 898 1840 959 sedere
1888 926 1931 959 ω
1977 904 2174 960 cedere
2220 923 2400 961 anon.

368 998 460 1050 ap.
497 978 902 1051 Quicheratium
1022 980 1053 1031 2
1093 979 1262 1045 atque
1296 976 1395 1031 Ba
1429 978 1640 1044 utquae
1677 971 1802 1030 HL
1837 979 2012 1046 utque
2050 974 2128 1032 W
2155 979 2221 1031 ut
2256 972 2317 1031 P

1351 1127 1414 1185 H

365 1230 680 1296 Mai6rem
723 1230 978 1295 laudem
1023 1230 1216 1314 quam
1258 1226 1549 1292 laborem
1593 1229 1915 1294 inuenero.

511 1350 792 1407 Ausonius
838 1350 1261 1421 Technopaegn.
1297 1348 1403 1403 XII
1446 1348 1624 1419 praef.
1674 1348 1814 1404 ‘seio
1858 1348 1999 1403 mihi
2044 1350 2197 1421 apud
2245 1350 2401 1406 alios

364 1440 470 1494 pro
507 1423 718 1478 laboris
755 1422 981 1477 modulo
1018 1422 1245 1476 laudem
1279 1438 1396 1502 non
1429 1437 1595 1502 posse
1630 1420 1953 1491 procedere:
1992 1439 2164 1490 quam
2195 1424 2400 1477 tamen

371 1495 421 1550 si
455 1498 520 1550 tu
556 1490 873 1564 indulseris,
910 1496 975 1547 ut
1011 1493 1096 1548 ait
1130 1488 1396 1546 Aframus
1432 1510 1493 1545 in
1529 1491 1764 1560 Thaide,
1800 1491 2091 1547 maiorem’
2122 1509 2169 1550 e.
2200 1511 2255 1562 q.
2289 1511 2333 1548 s.

1208 1659 1548 1719 'rrrvnvs
1605 1619 1612 1627 ’

258 1805 369 1855 335
388 1778 679 1867 'Adpetis
724 1781 1122 1873 dominatum
1169 1774 1428 1845 demens
1470 1781 1874 1864 praemature
1917 1778 2311 1865 praecocem.

513 1896 729 1958 Gellius
755 1902 874 1972 XII,
903 1904 935 1956 8
968 1903 1118 1956 ‘eum
1153 1898 1585 1971 significandum
1611 1903 1804 1956 autum
1837 1904 1928 1955 est
1963 1901 2214 1957 coactius
2246 1903 2402 1972 quid

370 1975 586 2030 factum
631 1977 690 2029 et
733 1972 1118 2044 festinantius,
1169 1975 1291 2028 tum
1335 1971 1542 2027 rectius
1588 1975 2025 2043 praemature
2068 1973 2288 2029 factum
2333 1974 2400 2030 id

372 2046 579 2102 dicitur
624 2063 794 2115 quam
837 2048 1081 2118 mature:
1140 2044 1308 2099 sicuti
1352 2044 1617 2099 Afranius
1665 2044 1812 2098 dixit
1855 2044 1916 2098 in
1961 2048 2229 2128 togata,
2283 2046 2403 2101 eui

371 2116 647 2172 Titulus
681 2130 922 2172 nomen
958 2119 1087 2172 estt
1127 2114 1372 2186 adpetis’
1404 2131 1450 2170 e.
1477 2132 1532 2184 q.
1562 2129 1604 2170 s.
1674 2112 1762 2169 ‘In
1788 2132 1899 2184 quo
1930 2131 2097 2171 uersu
2136 2118 2399 2171 animad-

369 2184 705 2244 uertendum
733 2191 834 2257 est,
873 2188 1024 2256 quod
1057 2199 1457 2257 praecocem
1488 2185 1689 2268 inquit,
1723 2200 1839 2241 non
1866 2201 2070 2257 praeco
2109 2201 2264 2244 uem:
2308 2191 2405 2243 est

371 2260 523 2315 enim
559 2274 722 2315 casus
759 2255 877 2314 eius
914 2259 1099 2314 rectus
1134 2272 1249 2313 non
1283 2271 1640 2328 praecoquis,
1686 2253 1786 2312 sed
1817 2271 2075 2327 praecox.
2172 2255 2398 2314 Eadem

371 2329 489 2387 fere
524 2327 843 2386 Macrobius
878 2330 996 2386 Sat.
1025 2327 1103 2384 Ἦ
1139 2331 1188 2399 8,
1221 2333 1305 2385 13.
1377 2327 1633 2384 titulus
1679 2327 1883 2384 Omen
1928 2327 2081 2384 haud
2124 2326 2401 2400 displicet

370 2400 533 2472 Iano,
588 2402 752 2456 unice
804 2414 997 2456 verum
1050 2414 1173 2455 esse
1226 2404 1349 2455 tam
1402 2397 1745 2455 confidenter
1835 2413 1969 2454 uam
2017 2400 2400 2473 inprudenter

372 2471 636 2528 adfirmat
677 2467 951 2543 Bergkius
998 2485 1184 2541 opusc.
1221 2466 1249 2526 1
1284 2472 1416 2527 410:
1471 2470 1541 2526 of.
1580 2468 1770 2526 coroll.
1849 2467 2058 2527 XXVII
2112 2469 2398 2527 Titulus

371 2549 469 2616 (se.
510 2544 731 2599 ‘tabula
774 2542 1100 2614 auctionis’)
1147 2545 1210 2597 et
1266 2539 1515 2597 Auctio
1569 2539 1821 2597 eiusdem
1873 2540 2104 2598 fabulae
2156 2541 2401 2599 nomina

370 2616 637 2671 videntur
679 2616 757 2671 Io.
794 2615 918 2671 Val.
961 2611 1254 2669 Franckio.
1337 2611 1502 2667 Pauli
1553 2612 1622 2668 de
1677 2611 1913 2668 titulis
1964 2630 2034 2668 ex
2076 2615 2244 2669 Festo
2296 2629 2396 2669 ex-

373 2690 627 2757 cerptum
670 2705 725 2756 p.
755 2691 857 2740 366
894 2687 969 2746 Μ.
1020 2684 1250 2739 ‘tituli
1302 2684 1513 2739 milites
1569 2685 1927 2766 appellantur
1980 2685 2144 2754 quasi
2195 2686 2398 2755 tutuli,

374 2759 525 2827 quod
569 2756 814 2828 patriam
858 2759 1170 2826 tuerentur,
1216 2756 1366 2810 unde
1412 2758 1472 2810 et
1511 2755 1628 2811 Titi
1671 2772 2011 2826 praenomen
2049 2759 2233 2812 ortum
2270 2758 2393 2812 est’

371 2829 615 2885 conferri
655 2827 822 2883 iussit
856 2827 1113 2897 Thysius.

510 2936 769 3020 demens]
798 2934 1007 2989 ueteris
1037 2935 1170 2990 Par.
1200 2934 1496 3005 Maembii,
1533 2942 1597 2990 ut
1622 2933 1856 2988 Veneris
1883 2936 2092 2991 subesse
2117 2937 2402 3005 suspicari

362 3023 546 3080 poscas

1253 3118 1503 3179 VIRGO

1368 3227 1400 3285 I
1557 3311 1757 3374 ferme
1800 3309 2043 3396 uirgini

369 3419 511 3485 Iam
557 3418 785 3483 erescit
828 3421 1049 3482 uterus
1095 3417 1227 3482 tam
1274 3435 1469 3501 quam
1514 3415 1817 3504 grauidae
1862 3415 2134 3481 mulieri.
2182 3454 2270 3464 —

368 3525 738 3590 Molucrum
784 3527 1080 3608 uocatur,
1125 3523 1357 3588 transit
1402 3523 1537 3588 sine
1584 3522 1929 3588 doloribus
