2610 4007
1067 162 1381 217 TITINIVS
2110 162 2234 228 167

215 324 311 389 Vt
357 330 505 390 clim
553 346 626 389 ea
670 325 952 409 primum
996 324 1321 391 blanditer
1363 325 1566 410 (nos)
1612 326 2050 438 comparemus
2091 327 2239 390 con·
2318 331 2323 336 '

1386 432 1452 498 lo
1497 433 1583 496 ui.

361 535 582 616 Nonius
618 540 749 604 256,
791 541 857 589 14
896 536 1321 617 ‘comparare
1367 455 1585 590 uetzres
1631 534 1955 590 confirmare
2002 538 2060 590 et
2105 552 2237 591 con·

213 606 454 662 stituere
502 606 764 661 dixerunt
802 650 814 662 .
846 648 858 662 .
890 650 902 662 .
935 648 948 661 .
985 606 1228 661 Titimus
1275 606 1536 662 Gemina:
1592 622 1653 661 er
1692 607 1746 661 o’
1788 623 1835 661 e.
1873 625 1927 676 q.
1966 625 2007 663 s.
2080 606 2237 662 Idem

217 684 339 747 510,
380 684 412 732 6
454 676 843 732 ‘blanditer
895 694 997 748 pro
1047 677 1271 732 blande.
1346 677 1588 732 Titinius
1687 677 1872 732 emina
1919 678 2076 750 [57].’
2153 677 2235 734 cf.

213 748 541 804 Priscianus
579 767 633 819 p.
675 754 812 804 1010
848 748 908 803 Ρ.
947 749 1042 820 (ad
1079 748 1144 803 fr.
1182 749 1261 803 IX
1295 748 1598 820 laudatus).

362 863 393 910 1
433 857 636 912 inserto
674 854 834 909 salua
863 862 990 925 post
1027 871 1128 909 sua
1164 857 1449 925 expleatur
1481 858 1795 912 ocumanius
1964 872 2097 926 ergo
2133 872 2234 912 om.

223 927 321 983 W¹
432 929 619 981 seruet
647 927 833 982 Vrbin.
863 931 967 980 307
1006 928 1195 980 seruat
1230 947 1275 996 φ
1384 933 1416 980 2
1454 929 1519 980 ut
1554 944 1682 981 cum
1718 943 1786 981 ea
1813 948 1857 981 ω
1886 945 1944 1009 p.
1976 933 2098 994 256,
2124 928 2236 983 Βα.

207 1016 270 1068 p.
300 1004 410 1052 510
446 1000 512 1052 ut
540 1013 665 1051 cum
694 997 769 1051 da
794 1010 841 1066 ψ
870 1014 931 1067 p.
962 1003 1066 1052 510
1102 998 1422 1052 uerecunda
1446 999 1629 1054 Palat.
1662 1017 1720 1069 p.
1741 1004 1846 1053 510
1882 999 2128 1053 mcunda
2154 1001 2235 1054 ed.

215 1074 358 1123 1526
472 1067 755 1123 blanditer
789 1067 1032 1138 primum
1066 1089 1110 1122 ω
1140 1086 1200 1138 p.
1230 1075 1336 1124 510
1458 1085 1842 1139 comparamus
1875 1091 1923 1124 ω
1955 1088 2012 1140 p.
2043 1075 2147 1124 510

211 1138 506 1208 colloquia
541 1138 726 1209 (conl.)
760 1160 803 1193 ω
833 1157 892 1210 p.
924 1145 1045 1208 256,
1083 1141 1268 1196 Palat.
1301 1157 1360 1209 p.
1392 1145 1495 1194 510

1172 1272 1284 1329 XV

210 1372 337 1441 Sin
383 1374 595 1439 forma
640 1372 786 1438 odio
833 1371 1085 1457 <minc>
1134 1396 1301 1457 sum,
1348 1373 1605 1438 tandem
1649 1377 1723 1439 ut
1767 1374 2057 1438 moribus
2102 1375 2236 1459 pla-

1387 1501 1563 1545 ceam
1608 1501 1769 1545 u1ro.

358 1600 578 1655 Nonius
616 1605 739 1669 406,
779 1607 806 1654 1
849 1600 1154 1655 ‘tandem
1190 1600 1474 1671 significat
1510 1604 1568 1656 et
1602 1602 1832 1657 tamen.’

363 1707 452 1762 sin
479 1707 662 1762 forma
690 1706 917 1777 Lipsius
954 1706 1199 1761 sinfonia
1226 1706 1318 1761 H²
1351 1707 1401 1761 si
1426 1707 1643 1762 infonia
1670 1709 1723 1763 L
1761 1707 2059 1779 siunfonia‚
2096 1726 2234 1766 corr.

210 1778 513 1849 symfonia‚
561 1778 640 1832 W
667 1776 755 1831 sin
791 1777 873 1847 (in
907 1778 983 1845 P)
1021 1777 1173 1833 foma
1200 1799 1243 1848 φ
1408 1779 1455 1834 si
1492 1779 1745 1834 informis
1784 1780 1912 1835 odio
1951 1798 2074 1835 sum
2109 1782 2236 1837 Bue

334 1851 559 1906 Versum
603 1850 766 1904 etiam
809 1850 1212 1918 transponendo
1262 1849 1351 1903 sin
1406 1850 1536 1904 odio
1592 1868 1715 1904 sum
1764 1850 1946 1906 forma
1989 1855 2235 1923 expleas:

208 1929 448 1979 ceterum
481 1921 552 1989 cf.
590 1921 768 1976 coroll.
806 1919 982 1974 LVIII

1155 2018 1297 2077 XVI

208 2120 321 2186 Eu
378 2119 654 2204 ecastor,
707 2119 763 2183 si
818 2118 962 2183 sitis
1018 2122 1301 2184 moratae
1360 2119 1583 2185 ambae
1638 2121 1784 2186 ibus
1828 2144 1945 2206 pro
1992 2126 2066 2187 ut
2112 2144 2234 2210 ego
2331 2108 2383 2213 s

1322 2242 1323 2245 ’
1386 2227 1690 2291 moribus,

357 2328 577 2384 Nonius
613 2332 736 2396 486,
774 2333 841 2382 15
880 2328 1068 2382 ‘ibus
1143 2345 1205 2383 ro
1241 2329 1331 2383 his
1367 2329 1631 2384 Latinum
1666 2332 1833 2400 putat
1870 2332 2234 2402 consuetudo,

211 2419 347 2456 cum
391 2403 648 2455 ueterum
694 2399 1032 2454 auctoritate
1068 2417 1106 2469 p
1130 2399 1373 2454 urimum
1407 2400 1616 2456 ualeat.
1690 2400 1933 2455 Titinius
1972 2400 2232 2459 Gemina:

209 2490 284 2527 eu
325 2472 601 2527 aecastor’
643 2487 689 2525 e.
710 2488 761 2539 q.
784 2488 826 2525 s.
872 2470 1128 2524 ‘Plautus
1158 2514 1170 2525 .
1203 2515 1214 2525 .
1246 2482 1270 2526 .’
1288 2470 1416 2525 ibus
1456 2472 1810 2526 denumerem
1847 2471 2229 2542 stipendium.'

208 2543 504 2667 ssgemine
517 2544 835 2596 aecastor
870 2541 974 2623 Ba)
1023 2541 1178 2596 Haec
1215 2558 1251 2596 a
1286 2541 1408 2597 viro
1442 2542 1796 2612 pronuntiari
1830 2560 1944 2598 non
1977 2544 2231 2614 potuisse

254 2617 386 2669 ocet
420 2613 600 2668 Varro
637 2613 787 2682 apud
825 2612 1068 2667 Gellium
1104 2611 1182 2667 XI
1219 2618 1266 2668 6.

358 2736 430 2774 eu
468 2722 726 2774 aecastor
758 2730 806 2786 ψ
843 2721 1099 2773 aecastor
1135 2723 1203 2789 (v.
1222 2723 1415 2790 mmm)
1451 2722 1546 2777 Ba
1579 2722 1650 2789 cf.
1679 2722 1984 2778 Muellerus
2011 2725 2231 2792 prosod.

212 2793 408 2848 Plaut.
432 2796 553 2846 723.
665 2789 788 2844 sitis
816 2792 1068 2844 moratae
1093 2808 1247 2846 numo
1270 2792 1483 2861 scripsi.
1520 2795 1773 2847 moratae
1801 2792 1925 2847 sitis
1954 2792 2130 2863 (scitis
2151 2795 2231 2863 P)

213 2884 258 2917 ω
380 2861 500 2916 ibu'
538 2878 639 2931 pro
677 2863 743 2914 ut
777 2876 883 2931 ego
919 2860 1168 2915 moribus
1195 2862 1592 2919 Lachmannus
1617 2865 1682 2919 im
1708 2864 1876 2920 Lucr.
1897 2870 2017 2933 262,
2051 2872 2233 2921 tamen

208 2941 276 2990 ut
301 2933 433 2988 ibus
463 2949 571 3002 pro
599 2933 882 3003 pyrrichio
910 2933 1248 2989 dimetiaeretur
1273 2935 1463 3003 (prout
1487 2935 1602 2989 iam
1627 2934 2018 3005 Her-marmus),
2037 2937 2102 2990 v‘n
2128 2953 2233 3006 quo

211 3006 405 3062 merito
441 3006 494 3059 ei
527 3005 846 3059 adversatus
880 3010 957 3059 est
992 3003 1312 3116 81¹›enqelius
1346 3006 1424 3059 ad
1449 3005 1648 3060 Plauti
1678 3006 1836 3062 Truc.
1864 3008 1909 3060 Ι
1936 3012 1985 3076 2,
2009 3013 2076 3061 14
2102 3006 2233 3062 ibus

211 3113 280 3165 ut
315 3126 422 3180 ego
459 3126 561 3180 pro
599 3108 907 3164 maioribus
948 3108 1254 3180 (maoribus
1291 3110 1346 3164 L
1380 3108 1667 3165 mauribus
1705 3112 1819 3181 Ba)
1854 3133 1898 3166 ω

973 3293 1480 3357 HORTENSIVS

1170 3413 1242 3480 1'11
1285 3415 1429 3481 foro
1474 3418 1587 3480 aut
1631 3415 1699 3480 in
1744 3417 1920 3481 ctiria

215 3519 435 3587 Posita
479 3521 702 3607 potius
747 3522 941 3606 quam
987 3543 1134 3587 rure
1180 3521 1350 3606 apud
1395 3525 1460 3586 te
1505 3522 1572 3585 in
1619 3521 1834 3586 clafisa
1881 3570 2144 3587 .....

2271 3431 2345 3479 60
