2610 4007
291 2595 358 2642 20

400 153 528 217 192
1039 152 1102 208 Τ.
1142 151 1491 217 QVINGTIV
1493 152 1528 207 S
1565 152 1760 206 ATTA

396 312 559 368 testis
590 277 688 368 estax
705 312 956 368 Cloatius
988 357 999 368 .
1031 355 1044 369 .
1077 357 1088 369 .
1119 329 1246 366 cum
1273 312 1356 366 sic
1384 312 1491 368 aib:
1528 330 1644 366 nux
1673 312 1889 367 Graeca
1918 312 2234 382 amygdale.
2281 312 2453 367 Atta

397 401 531 439 uero
585 383 646 437 in
704 384 1154 454 supplicatione:
1209 400 1411 437 nucem
1467 383 1764 452 Graecam,
1821 383 2033 451 inquii:‚
2089 382 2446 452 fanumque’

399 472 444 510 e.
484 474 535 524 q.
577 473 618 511 s.
692 455 945 510 Medicus
983 454 1139 523 loqui
1175 453 1424 511 videtur:
1463 454 1532 510 cf.
1573 454 1765 509 Celsus
1802 456 1948 511 med.
1986 455 2065 508 111
2100 460 2186 523 17,
2225 460 2276 510 4.

538 578 740 616 nucem
776 562 1047 617 Graecam
1093 561 1398 630 fanumque
1445 562 1592 616 adde
1630 564 1904 630 quantum
1951 561 2095 615 libet
2139 582 2199 616 ω.
2274 562 2448 618 Puto

397 637 578 704 ipsum
605 634 955 689 Macrobiwm
980 634 1260 689 verborum
1286 634 1534 688 ordinem
1561 635 1897 689 immutasse.-
1934 632 2204 687 Thasiam
2240 640 2447 689 autem

397 721 599 830 Euxcgn
636 706 822 775 aliquo
858 705 1013 759 modo
1050 704 1398 771 inferendam
1433 720 1540 760 esse
1570 721 1677 774 pro
1711 711 1854 761 certo
1889 706 2084 760 habeo:
2129 705 2200 772 ef.
2238 706 2443 760 coroll.

1001 906 1187 967 TIRO
1248 906 1814 968 PROFIOISGENS

395 1026 589 1092 Pater
633 1025 938 1091 ussicatur
983 1028 1134 1091 ttius
1180 1048 1260 1090 an
1305 1030 1514 1091 mater
1558 1027 1756 1092 m‘lica
1801 1027 1941 1092 est‘?

538 1147 857 1202 Priscianus
905 1165 959 1217 p.
1000 1153 1103 1202 828
1141 1147 1200 1202 P.
1254 1149 1312 1202 ‘a
1356 1148 1527 1202 uilico
1579 1148 1754 1202 etiam
1803 1147 1973 1202 uilico
2024 1148 2117 1202 uel
2166 1148 2437 1203 uilicor

398 1218 666 1274 dicebant,
694 1219 914 1287 antiqui
945 1263 957 1274 .
989 1262 1000 1274 .
1033 1264 1045 1275 .
1075 1219 1215 1274 Atta
1240 1218 1303 1273 in
1330 1219 1535 1274 Tirone
1562 1219 1980 1289 proficiscente:
2016 1220 2200 1301 pater’
2233 1235 2279 1274 e.
2301 1238 2357 1288 q.
2384 1239 2433 1275 s,

539 1327 830 1383 Senam-iam
865 1342 972 1382 esse
1000 1342 1158 1395 posse
1192 1328 1407 1381 monuit
1442 1326 1746 1382 Muellerus
1774 1328 1994 1396 prosod.
2023 1326 2210 1382 Plaut.
2246 1331 2352 1380 130

397 1401 560 1467 pater
582 1397 885 1453 Villicatur
920 1399 1081 1453 ceteri
1189 1413 1262 1451 an
1296 1398 1497 1466 scripsi
1530 1397 1647 1451 iam
1682 1418 1725 1451 ω
1833 1396 2070 1463 uilicata
2106 1399 2189 1467 (ta
2217 1399 2319 1454 del.
2352 1416 2434 1456 m.

396 1472 514 1539 alt.)
550 1470 729 1541 Bony.
767 1468 968 1522 uilicat
1001 1470 1054 1524 si
1089 1469 1317 1539 leyatwr‚
1354 1469 1506 1523 haud
1539 1470 1826 1538 displiceat

945 1654 1052 1713 EX
1099 1651 1469 1713 INOERTIS
1516 1653 1857 1713 FABVLIS

1390 1778 1423 1838 1

396 1878 658 1945 Annum
713 1902 955 1944 nouum
1008 1880 1357 1944 uoluerunt
1409 1901 1543 1945 esse
1588 1878 1873 1964 primum
1919 1900 2206 1944 mensem
2252 1877 2432 1944 Mar-

1888 1985 2071 2051 tium.

537 2108 579 2162 Ι.
616 2106 682 2161 Π.
741 2106 963 2163 Servius
1017 2107 1294 2162 Lemovic.
1333 2107 1394 2161 in
1439 2124 1628 2178 georg.
1666 2108 1693 2161 I
1729 2113 1797 2162 43
1854 2108 1936 2161 ‘et
1989 2107 2278 2162 sciendum
2333 2110 2432 2162 est

398 2180 589 2234 decem
633 2181 857 2233 tantum
902 2195 1118 2233 menses
1164 2178 1338 2233 fuisse
1385 2179 1538 2248 apud
1583 2178 1839 2234 maiores,
1914 2178 2181 2233 Martium
2230 2181 2429 2233 autem

399 2250 530 2304 anni
566 2249 904 2320 principium
940 2250 1148 2304 habere
1185 2250 1488 2304 uoluerunt
1527 2295 1538 2305 .
1573 2295 1583 2305 .
1617 2292 1628 2305 .
1667 2250 1807 2304 Atta
1844 2250 1917 2321 [Ι]
1957 2253 2015 2304 et
2051 2249 2192 2304 alibi
2230 2250 2354 2322 [Π]’

1371 2400 1434 2458 Π

1462 2484 1736 2550 maiores
1780 2482 2089 2548 Martium

394 2571 686 2639 Primum
731 2571 1113 2637 habuerunt.

1361 2701 1453 2761 ΙΠ

399 2856 412 2868 .
458 2826 575 2889 pro
621 2803 862 2889 populo
908 2803 1143 2868 fluctus
1189 2824 1410 2869 caecos
1454 2802 1701 2867 faciunt
1745 2825 1860 2887 per
1907 2803 2310 2868 discordiam.

539 2923 838 2979 Suetonius
877 2923 1029 2993 apud
1064 2923 1342 2978 Isidorum
1379 2925 1448 2978 de
1485 2923 1702 2978 naturis
1731 2939 1915 2978 rerum
1941 2931 2012 2978 44
2039 2942 2094 2994 p.
2128 2930 2194 2978 74
2233 2924 2321 2979 ed.
2351 2923 2422 2980 G.

395 2995 611 3050 Becker
638 2995 718 3065 (in
746 2994 1015 3050 Suetonio
1044 2994 1579 3050 Reifferscheidiano
1607 3013 1661 3065 p.
1692 2998 1817 3063 244)
1850 2996 2123 3049 ‘caecus
2152 2995 2421 3049 fluctus

395 3067 639 3121 tumens’
689 3066 793 3136 (ita
844 3067 913 3121 H.
950 3066 1377 3148 Langensiepen
1426 3067 1658 3121 ‘tamen’
1709 3066 1853 3136 cod.)
1911 3067 2168 3121 ‘necdum
2225 3069 2422 3121 tamen

397 3155 596 3207 canus,
644 3138 714 3192 de
760 3154 870 3206 quo
907 3139 1049 3193 Atta
1083 3156 1144 3191 m
1188 3141 1389 3208 togata
1436 3137 1516 3192 sic
1563 3137 1670 3193 ait:
1715 3137 1948 3206 populo’
1990 3154 2036 3193 e.
2066 3156 2117 3206 q.
2149 3155 2190 3191 s.
2251 3138 2423 3192 Atta

398 3208 710 3264 Gronovius
742 3209 920 3263 abita
947 3209 1143 3264 Bamb.
1164 3209 1229 3278 A,
1255 3210 1417 3264 Bern.
1438 3209 1498 3262 M
1525 3225 1603 3263 ao
1616 3211 1685 3263 ta
1713 3208 1873 3262 Bodl.
1904 3212 2057 3263 cato
2086 3208 2242 3262 Basil
2269 3253 2279 3263 .
2303 3208 2422 3279 OD)

537 3316 786 3371 Primam
821 3317 1091 3388 syllabam
1125 3315 1146 3368 i
1182 3317 1266 3373 vel
1302 3315 1363 3368 hi
1398 3317 1482 3372 vel
1517 3315 1615 3383 qui
1650 3316 1734 3370 vel
1770 3314 1816 3368 si
1852 3317 2064 3385 explere
2092 3317 2278 3385 potuit

394 3402 495 3455 pro
539 3387 748 3457 populo
798 3388 967 3468 (polo.
995 3387 1173 3468 Basil.
1212 3387 1296 3457 D)
1336 3408 1404 3443 m:
1459 3403 1559 3457 pro
1604 3388 1730 3471 ἴση.
1770 3388 2057 3443 delemlam
2105 3393 2206 3443 aut
2249 3402 2418 3456 porro

396 3459 773 3581 ΟΒἭἭΜ
848 3457 1136 3582 ‹1123ss
1169 3457 1383 3584 ‘'B‘ffi?
1407 3459 1837 3585 {assifflffn
2015 3458 2212 3513 ¹³¹²⁰t⁰⁵
2250 3459 2418 3513 aaz.

2406 3742 2424 3852 5
