2610 4007
704 157 763 211 L.
803 155 1222 212 POMPONIVS
1260 155 1748 211 BONONIENSIS
2105 157 2236 221 285

204 316 375 370 uenit
426 332 555 370 ecce
610 315 764 369 illius
811 332 1004 369 uersus
1049 315 1422 385 Pomponiani
1469 316 1525 369 in
1573 319 1842 385 mentem,
1895 315 1993 385 qui
2038 320 2125 371 est
2171 333 2239 370 ex

209 387 534 456 Atellania,
573 403 718 455 quae
754 386 979 440 Meuia
1017 386 1305 442 scribitur:
1344 386 1486 441 dies’
1517 404 1564 442 e.
1595 406 1646 456 q.
1678 406 1719 442 s.
1758 387 1990 456 (metui
2028 387 2238 442 ascri-

205 458 410 513 bitur
457 457 658 528 optimi
703 457 857 528 libri)
902 457 1222 512 Macrobius
1270 458 1386 513 Sat.
1421 460 1446 512 I
1491 465 1551 528 4,
1590 465 1657 512 22
1700 459 1894 513 ‘modo
1943 457 2237 527 diequinti,

208 530 384 584 modo
441 528 731 597 diequinte
785 546 887 598 pro
939 528 1209 583 aduerbio
1267 572 1279 584 .
1322 574 1332 584 .
1375 573 1387 586 .
1444 546 1571 584 ecce
1625 529 1783 584 uenit
1837 529 1990 584 illius
2045 545 2239 583 uersus

209 599 592 671 Pomponiani
641 599 702 653 in
746 603 1017 670 mentem,
1073 599 1172 669 qui
1225 603 1314 654 est
1367 617 1436 654 ex
1488 600 1801 667 Atellania,
1856 617 2001 670 quae
2051 599 2241 654 Meuia.

209 671 568 726 inscribitur:
610 671 752 725 dies’
785 687 831 726 e.
861 688 914 739 q.
945 690 986 726 s.
1035 671 1282 742 (Mebia
1320 671 1410 726 vel
1445 671 1718 726 Maebia
1753 671 1907 742 libri)

367 780 587 832 sextust
616 778 1001 833 Fleckeisenus
1025 779 1179 848 epist.
1198 780 1319 834 crit.
1347 780 1423 833 ad
1451 778 1537 832 Μ.
1558 779 1847 833 Hertzium
1875 783 1943 832 29
1981 780 2170 832 sextus
2198 799 2242 832 ω

215 848 425 903 tertius
464 849 768 905 Scriverius
929 848 1013 903 nil
1049 851 1384 905 commendat
1421 849 1807 905 Fleckeisenus
1966 848 2059 904 edi
2096 850 2241 904 Pou-

214 928 389 977 tanus
526 919 618 974 die
656 918 892 1002 septime
929 921 1221 975 Pantanus
1354 919 1593 974 emoriar
1629 920 1918 992 Scioppius
1957 919 2164 974 moriar
2200 941 2242 974 ω

327 992 418 1047 De
451 993 634 1059 forma
670 991 964 1060 diequarte
999 993 1069 1059 ef.
1110 991 1499 1047 Fleckeiseuus
1535 992 1569 1045 l.
1600 993 1636 1045 l.

1066 1194 1401 1254 MAIALIS

367 1310 657 1366 Glossaria
691 1311 969 1380 excerpsit
1005 1311 1068 1367 G.
1098 1311 1296 1365 Loewe
1334 1311 1525 1366 Prodr.
1555 1316 1674 1365 377.

1220 1479 1252 1538 Ι

441 1632 456 1645 .
547 1581 795 1646 animos
837 1579 1062 1646 venus
1107 1585 1300 1668 neget
1344 1581 1809 1667 uoluptaitibus.

368 1701 589 1757 Nonius
629 1706 748 1783 183,
781 1709 807 1755 1
852 1703 952 1784 ‘ue
962 1705 1078 1784 get
1112 1720 1213 1784 pro
1250 1705 1486 1773 uegetat
1522 1702 1616 1756 uel
1652 1701 1821 1773 erigit
1855 1702 1949 1756 uel
1984 1704 2250 1772 uegetum

227 1776 334 1828 est.
408 1775 749 1843 Pomponius
786 1773 1009 1830 Maiah:
1047 1775 1287 1828 ammos’
1321 1791 1367 1829 e.
1398 1792 1452 1843 q.
1483 1792 1530 1833 ε,

1211 1942 1274 2000 Π

227 2043 496 2109 Miseret
531 2065 634 2107 me
671 2066 911 2129 eorum,
949 2044 1069 2129 qus
1100 2044 1238 2109 sine
1275 2045 1500 2109 frustis
1535 2047 1828 2109 uentrem
1859 2045 2253 2108 frustrarunt

1717 2173 1922 2214 suum.

292 2342 305 2353 .
373 2270 591 2396 Νἲξήηε
619 2277 742 2339 473,
775 2277 839 2325 17
882 2270 1172 2326 ‘frustro
1209 2289 1311 2341 pro
1345 2271 1596 2327 frustror.
1661 2270 2000 2341 Pomponius
2029 2269 2251 2325 Maian:

229 2359 432 2397 misere
514 2359 561 2397 e.
591 2360 643 2411 q.
676 2360 717 2396 s,

379 2450 679 2505 Troelmeos
713 2451 1169 2506 commendantem
1200 2450 1535 2507 Muellerum
1562 2452 1780 2520 pro-sod.
1810 2450 2005 2504 Plaut.
2036 2454 2138 2503 612
2175 2465 2253 2503 se-

228 2527 388 2576 cutus
423 2538 562 2589 swm,
598 2522 805 2575 iambos
839 2522 971 2575 olim
1004 2523 1355 2577 exhibueram
1483 2537 1747 2575 meorum
1787 2521 1895 2576 W¹
2033 2518 2253 2574 frustris

229 2591 540 2660 BaL¹W¹
586 2590 779 2645 furstis
817 2592 906 2646 Ηι
951 2591 1117 2646 fustis
1157 2594 1212 2647 P
1250 2591 1449 2646 fruetis
1491 2592 1538 2648 Ο

1197 2760 1291 2819 ΠΙ
1387 2865 1608 2907 cenam
1647 2843 1990 2927 quaeritat:
2294 2857 2362 2905 80

234 2949 313 3016 Si
346 2971 493 3014 eum
529 2970 718 3012 nemo
755 2949 964 3034 uocat,
1000 2950 1273 3013 reuortit
1310 2950 1590 3014 maestus
1617 2949 1698 3012 ad
1728 2947 2020 3013 maentim
2047 2947 2256 3014 miser.

377 3069 597 3124 Nonius
635 3074 757 3138 476,
788 3075 815 3122 1
860 3069 1228 3124 ‘reuortit’
1307 3069 1445 3125 Cum
1487 3070 1596 3124 hoc
1641 3070 1707 3124 fr.
1751 3067 2064 3124 Meinekius
2112 3085 2259 3122 com-

235 3144 405 3213 parat
445 3140 713 3195 Timoclis
758 3156 952 3194 versus
998 3140 1096 3208 qui
1139 3139 1200 3194 in
1247 3158 1386 3196 com.
1426 3141 1618 3196 Graec.
1657 3142 1708 3195 H
1754 3159 1808 3211 p.
1837 3147 1942 3195 456
1989 3139 2054 3194 fr.
2088 3147 2150 3193 11
2190 3139 2257 3193 K.

239 3215 464 3279 extant3
521 3211 588 3265 cf.
635 3210 877 3265 maxime
921 3212 1087 3267 haec:
1145 3211 1175 3266 ὁ
1220 3221 1360 3282 γοῦν
1406 3211 1662 3280 Κόρυδος
1708 3212 1967 3280 ἄκλητος,
2020 3213 2093 3275 ὡς
2139 3210 2262 3281 ἐμοὶ.

237 3287 421 3351 δοκεῖ,
470 3280 783 3352 Γενόμενος
819 3282 1037 3352 ὀψωνεῖ
1070 3280 1206 3353 παρ’
1241 3284 1416 3339 αὑτὸν
1454 3282 1647 3338 οἴκαδε
1686 3304 1735 3338 κ.
1763 3303 1810 3338 τ.
1839 3286 1883 3337 λ.
1960 3282 2038 3337 cf.
2077 3298 2261 3337 meam

240 3354 461 3410 Colacis
499 3352 936 3422 descriptionem
967 3372 1023 3423 p.
1055 3360 1145 3414 3⁹2

378 3467 410 3513 2
465 3460 763 3515 Troehaeos
806 3462 1004 3516 iambis
1042 3463 1289 3531 praetuli
1475 3477 1735 3515 maenam
1778 3478 1898 3518 mss.
1941 3461 2264 3528 Gothofredi

240 3548 460 3586 menam
497 3552 541 3601 φ
