2610 4007
344 159 429 223 88
1001 154 1373 211 CAECILIVS
1410 155 1711 211 STATIVS

350 319 462 390 est]
504 319 574 386 cf.
606 318 804 372 Plauti
831 317 1030 373 Pseud.
1063 321 1199 370 1213
1227 323 1278 373 et
1304 317 1575 389 symbolae
1599 334 1745 373 meae
1780 319 1857 372 ad
1883 325 2031 387 part.
2071 319 2198 399 Lat:
2222 325 2376 399 1²:1⁷

460 388 849 459 deintegrabit
883 390 1014 445 olim
1049 390 1279 456 conieci,
1326 390 1472 458 quod
1505 405 1619 444 non
1652 390 2026 445 necessarium.
2135 389 2378 460 uirginis

345 462 411 515 H
417 462 435 493 ¹
454 462 534 516 W
558 458 807 530 uerginis
845 481 888 529 φ

1286 574 1436 632 XIII

347 676 629 742 Venerio
677 698 867 741 cursu
911 675 1089 760 ueni,
1133 675 1388 760 prolato
1432 673 1592 760 pede

348 784 571 870 Vsque
617 784 698 847 ad
743 781 1129 866 scaphonem

490 905 738 960 Isidorus
778 903 928 974 Orig.
958 903 1085 956 XIX
1123 908 1174 971 4,
1205 908 1236 957 5
1279 904 1614 972 ‘scaphon
1650 903 1800 956 funis
1837 903 1899 956 in
1932 920 2100 973 prora
2136 903 2371 973 positus.

349 979 420 1032 de
457 993 569 1045 quo
610 973 911 1031 Caecilius:
948 973 1210 1028 Venerio’
1252 989 1299 1028 e.
1340 991 1392 1042 q.
1433 993 1475 1028 s.
1532 973 1870 1044 (cecilius,
1901 993 1987 1028 m.
2029 982 2059 1028 2
2098 992 2374 1045 suprascr.

350 1047 641 1103 lucilius
677 1048 895 1101 Monac.
926 1045 1239 1115 liciniuS‚
1277 1062 1552 1115 suprascr.
1586 1046 1785 1100 eadem
1819 1064 1891 1100 m.
1931 1046 2041 1101 uel
2079 1046 2374 1100 cecilius

351 1120 640 1189 Tegerns.‚
687 1118 835 1171 unde
883 1117 952 1171 de
1000 1120 1228 1171 auctore
1273 1116 1442 1170 huius
1497 1115 1609 1172 loci
1664 1116 1914 1172 dubitari
1966 1133 2132 1186 posse
2182 1120 2377 1172 monet

352 1190 705 1261 Spengelius)

496 1305 523 1351 1
565 1313 787 1351 cursum
833 1296 1095 1363 Wolfenb.
1233 1294 1519 1364 prolatum
1564 1295 1831 1362 Wolfenb.
1955 1295 2099 1364 pede
2133 1312 2203 1351 ec.
2242 1296 2375 1367 veli]

352 1369 587 1441 pedesss
627 1371 807 1438 (erasa
845 1369 891 1436 s)
929 1367 1154 1421 Monac.
1190 1367 1363 1435 pedes
1408 1366 1527 1422 San
1561 1384 1688 1421 erm.
1726 1371 1831 1420 805
1867 1373 1917 1422 et
1959 1383 2060 1422 scr.
2102 1383 2127 1420 s
2164 1368 2228 1420 in
2261 1383 2373 1422 rae.

355 1441 636 1512 Sanyerm.
678 1443 781 1494 806
1019 1444 1050 1491 2
1099 1437 1439 1506 scaphonem
1542 1455 1796 1493 meramos
1851 1436 2101 1491 safonem
2147 1438 2374 1493 Monac.

357 1513 755 1584 Sanyermarm.
785 1509 1050 1564 fabonem
1068 1509 1335 1577 Wolfenb.
1366 1509 1673 1579 saphonem
1700 1510 1805 1565 alii
1840 1509 2001 1563 safon
2025 1511 2181 1582 gloss.
2202 1509 2374 1564 Bem.

1290 1641 1434 1699 XIV

351 1794 743 1809 .......
791 1765 977 1808 mane
1022 1747 1097 1807 ut
1142 1744 1221 1806 ex
1266 1746 1463 1828 portu
1508 1742 1576 1807 in
1621 1741 1919 1808 Piraeum

499 1865 688 1920 Cicero
728 1864 801 1917 ad
837 1865 956 1917 Att.
977 1863 1081 1917 VH
1118 1869 1166 1932 3,
1199 1869 1267 1917 10
1309 1863 1497 1918 ‘uenio
1536 1865 1610 1918 ad
1646 1864 1906 1935 Piraeea,
1943 1864 2004 1919 in
2042 1882 2153 1934 quo
2189 1864 2376 1935 magis

353 1936 842 2008 reprehendendus
889 1951 1012 1988 sum
1057 1934 1209 2002 quod
1245 1935 1413 1989 homo
1450 1936 1735 1989 Romanus
1771 1936 2006 1991 Piraeea
2042 1936 2376 2007 scripserim,

355 2026 469 2063 non
506 2007 819 2062 Piraeum
856 2039 923 2047 —
964 2005 1044 2060 sic
1082 2005 1232 2061 enim
1269 2024 1460 2062 omnes
1496 2008 1676 2061 nostri
1712 2007 1888 2063 locuti
1931 2011 2062 2063 sunt
2097 2041 2167 2049 —
2204 2024 2378 2076 quam

355 2081 424 2134 in
462 2079 612 2148 quod
651 2077 964 2133 addiderim
1003 2122 1014 2133 .
1047 2120 1059 2132 .
1092 2121 1104 2132 .
1136 2121 1147 2132 .
1186 2081 1441 2132 nostrum
1477 2078 1704 2147 quidem
1743 2079 1790 2133 si
1828 2083 1914 2135 est
1989 2083 2269 2146 eccatnm,
2315 2078 2376 2132 in

357 2167 423 2207 eo
463 2154 550 2206 est
585 2150 737 2218 quod
772 2166 886 2203 non
922 2151 989 2202 ut
1033 2148 1102 2203 de
1149 2149 1358 2219 oppido
1404 2149 1626 2204 locutus
1674 2169 1820 2218 sum,
1870 2168 1928 2206 se
2013 2153 2079 2205 ut
2124 2150 2194 2204 de
2231 2150 2377 2219 loco,

357 2225 694 2290 secutusque
742 2238 889 2289 sum,
934 2236 1048 2274 non
1086 2219 1212 2274 dico
1251 2219 1581 2277 Caecilium:
1626 2223 1822 2276 mane’
1864 2239 1910 2279 e.
1950 2240 1987 2291 q
2042 2240 2083 2276 s,
2162 2220 2379 2275 ‘malus

356 2293 507 2349 enim
561 2295 759 2347 auctor
811 2290 1142 2346 Latinitatis
1199 2294 1312 2361 est,
1369 2291 1469 2345 sed
1514 2291 1837 2347 Terentium
1918 2293 2076 2347 cuius
2130 2291 2380 2347 fabellae

352 2368 599 2492 proptgri
639 2361 982 2489 eleffassffiufm
1037 2362 1305 2487 sermonis
1358 2363 1708 2489 putabarnffg
1754 2381 1789 2418 a
1835 2337 1891 2461 (j.
1929 2363 2123 2420 Laelio
2180 2362 2379 2419 scribi:

399 2454 479 2490 eri
601 2452 711 2504 quo
776 2451 811 2488 a
912 2449 1076 2487 escen
1103 2451 1139 2487 u
1164 2451 1185 2486 1
1221 2451 1435 2488 coimus
1472 2452 1533 2487 m
1701 2452 1841 2489 eum.

1311 2568 1423 2624 XV

374 2719 638 2736 .....
687 2670 875 2734 deum
922 2669 1034 2753 qui
1078 2690 1210 2734 non
1256 2672 1579 2734 summum
1622 2673 1834 2755 putet,
2219 2728 2223 2732 .

251 2793 356 2842 260
375 2777 512 2843 Aut
557 2777 830 2840 stultum
877 2779 989 2839 aut
1032 2797 1246 2839 rerum
1293 2797 1428 2840 esse
1474 2774 1824 2860 inperitum
1871 2777 2279 2841 existumem:

375 2882 519 2948 cuii
564 2881 635 2947 sn
658 2905 873 2947 -manu
919 2883 1036 2966 sit,
1082 2884 1273 2967 quem
1320 2903 1456 2946 esse
1503 2883 1860 2948 dementem
1906 2884 2092 2969 uelit,

375 2990 580 3068 Quem
626 2990 877 3074 sapere,
923 3010 1113 3073 quem
1160 2988 1399 3073 sanari,
1446 3010 1635 3073 quem
1681 2989 1749 3054 in
1795 2989 2095 3054 morbum
2139 2989 2295 3054 inici

375 3145 2306 3163 οοοοοοοοοοοοοοοοοοο

357 3203 562 3281 Quem
608 3203 832 3268 contra
878 3202 1105 3286 amari,
1153 3222 1343 3284 quem
1390 3203 1631 3287 expeti,
1678 3224 1867 3287 quem
1915 3203 2232 3267 arcessier.
2351 3218 2379 3260 5

501 3323 693 3380 Cicero
738 3321 901 3378 Tusc.
942 3321 1083 3392 disp.
1121 3321 1199 3375 IV
1236 3328 1333 3392 32,
1381 3328 1447 3377 68
1500 3323 1683 3378 ‘totus
1730 3340 1864 3378 uero
1911 3324 2020 3378 iste
2064 3324 2162 3393 qui
2208 3323 2382 3393 uolgo

358 3395 682 3465 appellatur
709 3411 867 3449 amor
894 3438 907 3449 .
938 3437 951 3450 .
981 3437 996 3450 .
1026 3396 1221 3448 tantae
1251 3393 1505 3449 leuitatis
1544 3397 1645 3464 est,
1683 3399 1749 3449 ut
1782 3394 1928 3449 nihil
1964 3395 2192 3450 uideam
2227 3395 2381 3464 quod

356 3470 552 3538 putem
608 3465 1018 3520 conferendum.
1093 3480 1259 3532 quem
1307 3464 1582 3520 Caecilius
1640 3466 1836 3521 deum’
1877 3482 1925 3521 e.
1964 3485 2016 3536 q.
2055 3484 2097 3521 s.
2172 3466 2383 3520 Versus

366 3546 393 3592 1
437 3556 516 3606 sq.
575 3550 879 3606 congruere
935 3553 1062 3590 cum
1114 3535 1434 3605 Euripideis
1486 3538 1702 3608 (Augae
1757 3537 1821 3593 fr.
1862 3543 1965 3593 269
2002 3537 2122 3609 N'.)
2160 3535 2383 3608 Ἔρωτα
