2610 4007
323 177 408 241 86
976 175 1346 230 CAECILIVS
1385 175 1683 231 STATIVS

321 340 386 390 ut
422 336 649 391 iusseris
687 338 756 405 (h.
796 352 838 391 e.
875 335 1002 403 inl,
1038 338 1103 390 ni
1136 337 1178 404 f.
1217 337 1286 404 cf.
1326 336 1529 403 Afran.
1570 338 1658 405 87)
1696 357 1739 405 φ
1778 336 2006 391 lasseris
2051 344 2235 393 tuetwr
2271 337 2336 391 P.

321 409 555 479 Lanyen
600 409 773 462 Beitr.
815 413 881 461 18
938 410 1003 460 ut
1047 406 1274 461 lasseris
1322 408 1447 461 Bue
1501 407 1760 461 elusseris
1808 408 2071 464 Halmius
2114 408 2338 462 unxeris

322 480 503 535 Palat.
543 498 579 535 a
616 477 927 532 emunxeris
965 480 1252 533 Bentleius
1287 480 1352 533 in
1387 479 1525 534 Hor.
1564 497 1615 533 a,
1646 496 1706 548 p.
1747 485 1814 533 96

1288 610 1377 669 IV

213 731 317 780 245
337 710 435 777 'St
480 716 710 777 tacete:
758 711 914 796 quid
959 711 1084 777 hoc
1130 712 1473 777 clamoris?
1529 711 1767 796 quibus
1810 734 1928 777 nec
1972 717 2178 778 mater
2222 715 2339 779 nec

1533 822 1669 883 ater

339 925 544 989 Tanta
589 925 1018 990 confidentia?
1064 925 1309 990 auferte
1353 841 1546 990 sebaz
1592 871 1762 990 enim
1807 927 2192 1012 superbiam.

463 1044 653 1100 Cicero
682 1047 753 1101 de
782 1049 921 1102 orat.
950 1047 1003 1101 H
1032 1052 1115 1115 64,
1145 1052 1245 1101 257
1279 1048 1470 1117 ‘saepe
1508 1046 1681 1101 etiam
1716 1063 1909 1102 uersus
1947 1048 2129 1103 facete
2166 1049 2338 1103 inter-

319 1117 548 1186 ponitur
592 1117 685 1172 uel
730 1121 796 1172 ut
841 1121 927 1172 est
977 1117 1071 1172 uel
1124 1117 1420 1187 paululum
1473 1121 1749 1188 mutatus,
1807 1121 1907 1173 aut
1960 1118 2153 1189 aliqua
2204 1136 2336 1189 pars

320 1204 530 1257 uersus,
558 1192 624 1242 ut
660 1188 874 1244 Statii
911 1206 947 1242 a
975 1188 1229 1243 Scauro
1269 1189 1746 1244 stomachante
1775 1193 1867 1260 (ex
1902 1207 2011 1260 quo
2041 1193 2173 1245 sunt
2196 1208 2338 1245 non-

319 1259 487 1327 nulli,
527 1259 625 1328 qui
661 1263 820 1314 tuam
856 1260 1040 1330 legem
1076 1260 1147 1314 de
1185 1259 1420 1314 ciuitate
1456 1263 1678 1330 natam,
1717 1260 1937 1330 Crasse,
1985 1260 2224 1332 dicant):
2273 1264 2335 1316 st

318 1332 580 1385 tacete’
622 1347 668 1385 e.
698 1349 750 1399 q.
782 1349 823 1385 s.
872 1330 1119 1400 (satius
1158 1331 1248 1385 vel
1286 1330 1544 1385 statius
1593 1349 1832 1386 scauro
1872 1331 2336 1387 stomachanti

319 1422 379 1470 ω,
419 1418 554 1456 corr.
593 1401 827 1472 Bakius)
863 1402 1035 1457 Deest
1071 1401 1228 1456 locus
1265 1402 1327 1456 in
1361 1402 1474 1457 Erl.
1514 1405 1623 1457 vet.
1663 1406 1722 1458 et
1757 1402 1981 1457 Abrinc.

463 1515 490 1561 1
532 1510 608 1580 st]
647 1509 745 1564 sed
783 1508 1099 1578 Paz.²Erz.‚
1127 1526 1228 1564 om.
1258 1508 1336 1562 M
1358 1510 1579 1579 (mutili)
1618 1509 1666 1563 si
1703 1510 1757 1562 L
1792 1511 1860 1580 (h.
1882 1527 1924 1565 e.
1945 1510 2128 1565 Laud.
2149 1512 2338 1566 amissi

317 1582 658 1650 apoyrapha)
800 1596 903 1635 nec
938 1596 1038 1635 om.
1076 1581 1130 1634 L
1168 1580 1292 1635 Erl.
1420 1582 1601 1634 mater
1635 1596 1738 1634 nec
1773 1583 1937 1650 pater
1972 1582 2137 1637 Harl.
2177 1581 2335 1636 Leia.

316 1653 481 1719 pater
514 1667 619 1704 nec
654 1653 836 1705 mater
872 1652 949 1705 M
1157 1650 1232 1705 sit
1267 1652 1396 1706 add.
1435 1651 1659 1721 LErl.‚
1709 1654 1856 1707 wude
1898 1668 2002 1707 nec
2037 1655 2200 1722 pater
2233 1669 2338 1707 nec

318 1723 499 1775 mater
536 1726 623 1776 est
658 1723 771 1777 Leo
807 1722 896 1776 Pl.
938 1723 1005 1775 Β.
1046 1727 1149 1776 285
1334 1729 1364 1775 2
1404 1722 1743 1777 confidentia
1780 1722 1915 1777 estis
1953 1744 2022 1793 m,
2060 1723 2196 1778 estis
2235 1726 2336 1779 del.

319 1792 634 1847 Schuetzius
775 1792 992 1847 auferte
1028 1793 1183 1849 Leid.
1225 1793 1412 1847 aufert
1447 1815 1492 1863 φ
1622 1794 1767 1847 istac
1803 1794 1858 1847 L
1877 1794 1998 1850 Erl.
2036 1793 2097 1848 in
2126 1795 2202 1849 M

319 1861 469 1915 enim
507 1880 605 1918 om.
645 1864 723 1916 M
752 1864 873 1919 Erl.
1021 1866 1062 1919 t.
1103 1880 1149 1918 c.
1189 1864 1364 1921 estis?
1402 1863 1647 1919 aufertin
1684 1864 2005 1934 superbiam
2020 1873 2046 1921 ‘?
2082 1865 2195 1921 Leo

319 1932 535 1987 auferte
571 1951 719 1988 nunc
756 1934 927 1988 istam
964 1934 1286 2006 superbiam
1323 1938 1404 1991 ed.
1441 1936 1599 1991 Rom.

1299 2069 1356 2124 V

319 2167 389 2233 Si
435 2169 886 2234 confidentiam
932 2169 1222 2255 adhibes,
1269 2170 1516 2234 confide
1563 2171 1793 2234 omnia.

457 2290 700 2345 Isidorus
741 2290 890 2361 Orig.
919 2291 972 2344 X
998 2297 1067 2346 40
1108 2291 1431 2361 ‘confidens‚
1469 2290 1619 2359 quod
1659 2290 1735 2344 sit
1768 2290 1829 2344 in
1867 2290 2081 2345 cunctis
2119 2289 2327 2345 fiducia

316 2362 533 2430 plenus.
571 2363 719 2416 unde
756 2365 814 2417 et
851 2362 1153 2418 Caecilius:
1194 2362 1263 2415 si’
1305 2379 1353 2416 e.
1392 2380 1443 2430 q.
1483 2379 1524 2416 s.

457 2468 633 2523 habes
672 2470 802 2524 Paxr.
844 2468 1119 2523 adhibens
1168 2470 1437 2537 Wolfenb.

1277 2619 1366 2677 VI

380 2771 392 2782 .
442 2772 454 2783 .
502 2719 867 2786 innocentia
912 2721 1359 2806 eloquentiast.

455 2840 725 2910 Apuleius
772 2842 992 2912 apolog.
1034 2859 1079 2896 c.
1119 2847 1150 2895 5
1192 2842 1350 2896 ‘sane
1404 2839 1634 2910 quidem
1688 2838 1736 2894 si
1786 2856 1982 2894 uerum
2035 2842 2122 2894 est
2175 2839 2329 2908 quod

315 2910 561 2965 Statium
597 2911 901 2966 Caecilium
936 2913 997 2967 in
1034 2913 1149 2968 suis
1180 2911 1536 2982 poematibus
1566 2909 1852 2980 scripsisse
1882 2911 2092 2979 dicunt,
2130 2910 2332 2965 inno-

317 2982 614 3037 centiam
651 2983 1118 3053 eloquentiam
1155 2985 1332 3038 esse’
1375 3000 1420 3038 e.
1460 3001 1511 3051 q.
1553 3000 1595 3037 s.

463 3089 619 3160 Quod
663 3092 889 3146 breviter
934 3092 1110 3162 tetigit
1145 3090 1418 3160 Apuleius
1467 3091 1673 3145 dictum
1716 3089 1902 3170 aliquo
1937 3089 2093 3144 modo
2129 3090 2192 3142 in
2227 3105 2333 3143 nu-

314 3177 486 3215 meros
520 3163 728 3232 redeyi:
764 3163 970 3231 expleri
1003 3166 1328 3217 sententiam
1352 3163 1431 3216 sic
1464 3162 1578 3229 fere
1606 3176 1772 3229 saepe
1800 3158 2125 3214 innocentia
2151 3158 2336 3229 ipsast

318 3229 640 3299 eloquentia
683 3234 837 3288 suasi
871 3234 936 3286 in
969 3234 1149 3288 coroll.
1180 3250 1239 3302 p.
1278 3231 1433 3286 XXX
1645 3230 1822 3301 animi
1861 3232 2145 3302 praemitti
2187 3233 2336 3287 iubet

317 3301 637 3373 Spenyelius
671 3304 786 3359 ind.
826 3305 929 3359 litt.
972 3303 1211 3374 Gottiny.
1255 3308 1391 3357 1865
1423 3320 1482 3372 p.
1513 3308 1617 3357 550

1266 3436 1387 3494 VH

316 3533 589 3598 ,Tantam
634 3556 769 3599 rem
818 3536 1098 3600 dibalare
1144 3540 1219 3600 ut
1262 3559 1381 3621 pro
1419 3536 1552 3601 nilo
1600 3535 1920 3601 habuerit.
