<?xml version="1.0" encoding="UTF-8"?>
<!DOCTYPE html PUBLIC "-//W3C//DTD XHTML 1.0 Transitional//EN"
    "http://www.w3.org/TR/xhtml1/DTD/xhtml1-transitional.dtd">
<html xmlns="http://www.w3.org/1999/xhtml" xml:lang="en" lang="en">
 <head>
  <title>
</title>
<meta http-equiv="Content-Type" content="text/html;charset=utf-8" />
  <meta name='ocr-system' content='tesseract 3.04.00' />
  <meta name='ocr-capabilities' content='ocr_page ocr_carea ocr_par ocr_line ocrx_word'/>
</head>
<body>
  <div class='ocr_page' id='page_1' title='image "./scaenicaeromano09ribbgoog_0092.png"; bbox 0 0 2610 4007; ppageno 0'>
   <div class='ocr_carea' id='block_1_1' title="bbox 345 184 1708 248">
    <p class='ocr_par' dir='ltr' id='par_1_1' title="bbox 345 184 1708 248">
     <span class='ocr_line' id='line_1_1' title="bbox 345 184 1708 248; baseline -0.001 -8"><span class='ocrx_word' id='word_1_1' title='bbox 345 185 433 248; x_wconf 85' lang='lat'><strong>80</strong></span> <span class='ocrx_word' id='word_1_2' title='bbox 999 184 1370 240; x_wconf 75' lang='lat' dir='ltr'><strong>CAECILTVS</strong></span> <span class='ocrx_word' id='word_1_3' title='bbox 1406 185 1619 239; x_wconf 85' lang='lat' dir='ltr'><strong>STATI</strong></span> <span class='ocrx_word' id='word_1_4' title='bbox 1627 184 1708 239; x_wconf 90' lang='lat' dir='ltr'><strong>VS</strong></span> 
     </span>
    </p>
   </div>
   <div class='ocr_carea' id='block_1_2' title="bbox 342 346 2370 646">
    <p class='ocr_par' dir='ltr' id='par_1_2' title="bbox 342 346 2370 646">
     <span class='ocr_line' id='line_1_2' title="bbox 343 346 2298 432; baseline 0.001 -20"><span class='ocrx_word' id='word_1_5' title='bbox 343 346 480 412; x_wconf 90' lang='lat' dir='ltr'><strong>Nec</strong></span> <span class='ocrx_word' id='word_1_6' title='bbox 529 349 720 432; x_wconf 76' lang='lat' dir='ltr'><strong>quem</strong></span> <span class='ocrx_word' id='word_1_7' title='bbox 768 347 1011 412; x_wconf 85' lang='lat' dir='ltr'><strong>dolum.</strong></span> <span class='ocrx_word' id='word_1_8' title='bbox 1034 348 1114 411; x_wconf 91' lang='lat' dir='ltr'><strong>ad</strong></span> <span class='ocrx_word' id='word_1_9' title='bbox 1160 370 1308 411; x_wconf 90' lang='lat' dir='ltr'><strong>eum</strong></span> <span class='ocrx_word' id='word_1_10' title='bbox 1354 352 1468 411; x_wconf 87' lang='lat' dir='ltr'><strong>aut</strong></span> <span class='ocrx_word' id='word_1_11' title='bbox 1512 348 1875 412; x_wconf 73' lang='lat' dir='ltr'><strong>machinam</strong></span> <span class='ocrx_word' id='word_1_12' title='bbox 1922 349 2298 413; x_wconf 80' lang='lat' dir='ltr'><strong>commoliar</strong></span> 
     </span>
     <span class='ocr_line' id='line_1_3' title="bbox 346 451 2370 538; baseline -0.001 -22"><span class='ocrx_word' id='word_1_13' title='bbox 346 451 491 517; x_wconf 87' lang='lat' dir='ltr'><strong>Scio</strong></span> <span class='ocrx_word' id='word_1_14' title='bbox 541 453 913 538; x_wconf 79' lang='lat' dir='ltr'><strong>quicquam:</strong></span> <span class='ocrx_word' id='word_1_15' title='bbox 959 454 1053 517; x_wconf 89' lang='lat' dir='ltr'><strong>ita</strong></span> <span class='ocrx_word' id='word_1_16' title='bbox 1098 455 1308 518; x_wconf 89' lang='lat' dir='ltr'><strong>omnis</strong></span> <span class='ocrx_word' id='word_1_17' title='bbox 1353 456 1530 519; x_wconf 80' lang='lat' dir='ltr'><strong>meos</strong></span> <span class='ocrx_word' id='word_1_18' title='bbox 1577 454 1757 519; x_wconf 88' lang='lat' dir='ltr'><strong>dolos</strong></span> <span class='ocrx_word' id='word_1_19' title='bbox 1802 454 2090 518; x_wconf 74' lang='lat' dir='ltr'><strong>fallacias</strong></span> <span class='ocrx_word' id='word_1_20' title='bbox 2317 476 2370 514; x_wconf 87' lang='lat'><strong>10</strong></span> 
     </span>
     <span class='ocr_line' id='line_1_4' title="bbox 342 558 1964 646; baseline 0.001 -23"><span class='ocrx_word' id='word_1_21' title='bbox 342 558 767 646; x_wconf 83' lang='lat' dir='ltr'><strong>Praestrigias</strong></span> <span class='ocrx_word' id='word_1_22' title='bbox 812 559 1234 644; x_wconf 77' lang='lat' dir='ltr'><strong>praestrinxit</strong></span> <span class='ocrx_word' id='word_1_23' title='bbox 1279 561 1702 625; x_wconf 72' lang='lat' dir='ltr'><strong>commoditas</strong></span> <span class='ocrx_word' id='word_1_24' title='bbox 1745 561 1964 645; x_wconf 87' lang='lat' dir='ltr'><strong>patris.</strong></span> 
     </span>
    </p>
   </div>
   <div class='ocr_carea' id='block_1_3' title="bbox 341 697 2445 1407">
    <p class='ocr_par' dir='ltr' id='par_1_3' title="bbox 341 697 2445 1407">
     <span class='ocr_line' id='line_1_5' title="bbox 486 697 2365 768; baseline 0.001 -16"><span class='ocrx_word' id='word_1_25' title='bbox 486 697 676 752; x_wconf 88' lang='lat' dir='ltr'><strong>Cicero</strong></span> <span class='ocrx_word' id='word_1_26' title='bbox 723 698 793 751; x_wconf 92' lang='lat' dir='ltr'><strong>de</strong></span> <span class='ocrx_word' id='word_1_27' title='bbox 836 701 954 751; x_wconf 84' lang='lat' dir='ltr'><strong>nat.</strong></span> <span class='ocrx_word' id='word_1_28' title='bbox 994 698 1143 752; x_wconf 92' lang='lat' dir='ltr'><strong>deor.</strong></span> <span class='ocrx_word' id='word_1_29' title='bbox 1181 698 1260 752; x_wconf 93' lang='lat' dir='ltr'><strong>III</strong></span> <span class='ocrx_word' id='word_1_30' title='bbox 1296 704 1384 768; x_wconf 81' lang='lat'><strong>29,</strong></span> <span class='ocrx_word' id='word_1_31' title='bbox 1426 704 1491 752; x_wconf 83' lang='lat'><strong>72</strong></span> <span class='ocrx_word' id='word_1_32' title='bbox 1547 697 1666 752; x_wconf 85' lang='lat' dir='ltr'><strong>‘ille</strong></span> <span class='ocrx_word' id='word_1_33' title='bbox 1717 715 1850 753; x_wconf 88' lang='lat' dir='ltr'><strong>uero</strong></span> <span class='ocrx_word' id='word_1_34' title='bbox 1901 698 1962 752; x_wconf 91' lang='lat' dir='ltr'><strong>in</strong></span> <span class='ocrx_word' id='word_1_35' title='bbox 2016 698 2365 768; x_wconf 82' lang='lat' dir='ltr'><strong>Synephebis</strong></span> 
     </span>
     <span class='ocr_line' id='line_1_6' title="bbox 344 769 2445 845; baseline 0.001 -23"><span class='ocrx_word' id='word_1_36' title='bbox 344 769 802 823; x_wconf 74' lang='lat' dir='ltr'><strong>Academicorum</strong></span> <span class='ocrx_word' id='word_1_37' title='bbox 838 785 990 823; x_wconf 85' lang='lat' dir='ltr'><strong>more</strong></span> <span class='ocrx_word' id='word_1_38' title='bbox 1028 772 1223 823; x_wconf 87' lang='lat' dir='ltr'><strong>contra</strong></span> <span class='ocrx_word' id='word_1_39' title='bbox 1259 786 1610 845; x_wconf 78' lang='lat' dir='ltr'><strong>communem</strong></span> <span class='ocrx_word' id='word_1_40' title='bbox 1648 769 1970 839; x_wconf 80' lang='lat' dir='ltr'><strong>opinionem</strong></span> <span class='ocrx_word' id='word_1_41' title='bbox 1995 787 2110 824; x_wconf 91' lang='lat' dir='ltr'><strong>non</strong></span> <span class='ocrx_word' id='word_1_42' title='bbox 2138 770 2367 824; x_wconf 83' lang='lat' dir='ltr'><strong>dubitat</strong></span> <span class='ocrx_word' id='word_1_43' title='bbox 2441 835 2445 839; x_wconf 24' lang='grc' dir='ltr'>ι</span> 
     </span>
     <span class='ocr_line' id='line_1_7' title="bbox 341 839 2366 911; baseline 0.001 -18"><span class='ocrx_word' id='word_1_44' title='bbox 341 857 594 909; x_wconf 88' lang='lat' dir='ltr'><strong>pugnare</strong></span> <span class='ocrx_word' id='word_1_45' title='bbox 632 840 867 909; x_wconf 89' lang='lat' dir='ltr'><strong>ratione,</strong></span> <span class='ocrx_word' id='word_1_46' title='bbox 907 839 1004 908; x_wconf 90' lang='lat' dir='ltr'><strong>qui</strong></span> <span class='ocrx_word' id='word_1_47' title='bbox 1039 839 1109 892; x_wconf 92' lang='lat' dir='ltr'><strong>in</strong></span> <span class='ocrx_word' id='word_1_48' title='bbox 1147 857 1370 894; x_wconf 89' lang='lat' dir='ltr'><strong>amore</strong></span> <span class='ocrx_word' id='word_1_49' title='bbox 1410 857 1659 895; x_wconf 91' lang='lat' dir='ltr'><strong>summo</strong></span> <span class='ocrx_word' id='word_1_50' title='bbox 1700 841 2087 909; x_wconf 89' lang='lat' dir='ltr'><strong>summaque</strong></span> <span class='ocrx_word' id='word_1_51' title='bbox 2125 841 2366 911; x_wconf 89' lang='lat' dir='ltr'><strong>inopia</strong></span> 
     </span>
     <span class='ocr_line' id='line_1_8' title="bbox 345 910 2366 980; baseline 0.001 -16"><span class='ocrx_word' id='word_1_52' title='bbox 345 923 551 965; x_wconf 89' lang='lat' dir='ltr'><strong>suaue</strong></span> <span class='ocrx_word' id='word_1_53' title='bbox 589 927 736 965; x_wconf 89' lang='lat' dir='ltr'><strong>esse</strong></span> <span class='ocrx_word' id='word_1_54' title='bbox 774 910 915 964; x_wconf 90' lang='lat' dir='ltr'><strong>dicit</strong></span> <span class='ocrx_word' id='word_1_55' title='bbox 1000 915 1303 965; x_wconf 81' lang='lat' dir='ltr'><strong>arentem</strong></span> <span class='ocrx_word' id='word_1_56' title='bbox 1344 956 1353 965; x_wconf 90' lang='lat'><strong>.</strong></span> <span class='ocrx_word' id='word_1_57' title='bbox 1388 956 1399 966; x_wconf 86' lang='lat'><strong>.</strong></span> <span class='ocrx_word' id='word_1_58' title='bbox 1432 955 1443 966; x_wconf 91' lang='lat'><strong>.</strong></span> <span class='ocrx_word' id='word_1_59' title='bbox 1483 912 1599 967; x_wconf 90' lang='lat' dir='ltr'><strong>tui.</strong></span> <span class='ocrx_word' id='word_1_60' title='bbox 1652 913 1839 980; x_wconf 91' lang='lat' dir='ltr'><strong>Atque</strong></span> <span class='ocrx_word' id='word_1_61' title='bbox 1875 912 2007 966; x_wconf 90' lang='lat' dir='ltr'><strong>huic</strong></span> <span class='ocrx_word' id='word_1_62' title='bbox 2043 911 2366 966; x_wconf 84' lang='lat' dir='ltr'><strong>incredibili</strong></span> 
     </span>
     <span class='ocr_line' id='line_1_9' title="bbox 345 929 2362 1052; baseline 0.001 -17"><span class='ocrx_word' id='word_1_63' title='bbox 345 982 657 1036; x_wconf 84' lang='lat' dir='ltr'><strong>sententiae</strong></span> <span class='ocrx_word' id='word_1_64' title='bbox 685 929 1030 1036; x_wconf 60' lang='lat' dir='ltr'><strong>ratiunculas</strong></span> <span class='ocrx_word' id='word_1_65' title='bbox 1060 982 1336 1052; x_wconf 75' lang='lat' dir='ltr'><strong>suggerit:</strong></span> <span class='ocrx_word' id='word_1_66' title='bbox 1376 986 1494 1037; x_wconf 84' lang='lat' dir='ltr'><strong>aut</strong></span> <span class='ocrx_word' id='word_1_67' title='bbox 1529 987 1601 1037; x_wconf 95' lang='lat' dir='ltr'><strong>tu</strong></span> <span class='ocrx_word' id='word_1_68' title='bbox 1637 982 1833 1036; x_wconf 90' lang='lat' dir='ltr'><strong>illum</strong></span> <span class='ocrx_word' id='word_1_69' title='bbox 1863 1027 1873 1037; x_wconf 89' lang='lat'><strong>.</strong></span> <span class='ocrx_word' id='word_1_70' title='bbox 1909 1029 1919 1038; x_wconf 93' lang='lat'><strong>.</strong></span> <span class='ocrx_word' id='word_1_71' title='bbox 1953 1027 1963 1037; x_wconf 91' lang='lat'><strong>.</strong></span> <span class='ocrx_word' id='word_1_72' title='bbox 2003 982 2362 1038; x_wconf 76' lang='lat' dir='ltr'><strong>libentius,</strong></span> 
     </span>
     <span class='ocr_line' id='line_1_10' title="bbox 343 1052 2366 1123; baseline 0.001 -18"><span class='ocrx_word' id='word_1_73' title='bbox 343 1053 607 1120; x_wconf 88' lang='lat' dir='ltr'><strong>Idemque</strong></span> <span class='ocrx_word' id='word_1_74' title='bbox 645 1052 870 1107; x_wconf 80' lang='lat' dir='ltr'><strong>facilem</strong></span> <span class='ocrx_word' id='word_1_75' title='bbox 898 1056 955 1107; x_wconf 93' lang='lat' dir='ltr'><strong>et</strong></span> <span class='ocrx_word' id='word_1_76' title='bbox 982 1053 1275 1108; x_wconf 84' lang='lat' dir='ltr'><strong>liberalem</strong></span> <span class='ocrx_word' id='word_1_77' title='bbox 1307 1057 1528 1123; x_wconf 90' lang='lat' dir='ltr'><strong>patrem</strong></span> <span class='ocrx_word' id='word_1_78' title='bbox 1555 1054 1970 1108; x_wconf 87' lang='lat' dir='ltr'><strong>incommodum</strong></span> <span class='ocrx_word' id='word_1_79' title='bbox 1999 1071 2119 1108; x_wconf 91' lang='lat' dir='ltr'><strong>esse</strong></span> <span class='ocrx_word' id='word_1_80' title='bbox 2149 1054 2366 1108; x_wconf 90' lang='lat' dir='ltr'><strong>amanti</strong></span> 
     </span>
     <span class='ocr_line' id='line_1_11' title="bbox 344 1123 2368 1205; baseline 0.001 -29"><span class='ocrx_word' id='word_1_81' title='bbox 344 1123 461 1177; x_wconf 91' lang='lat' dir='ltr'><strong>filio</strong></span> <span class='ocrx_word' id='word_1_82' title='bbox 499 1123 779 1205; x_wconf 88' lang='lat' dir='ltr'><strong>disputat,</strong></span> <span class='ocrx_word' id='word_1_83' title='bbox 826 1140 1018 1192; x_wconf 91' lang='lat' dir='ltr'><strong>quem</strong></span> <span class='ocrx_word' id='word_1_84' title='bbox 1070 1141 1289 1192; x_wconf 90' lang='lat' dir='ltr'><strong>neque</strong></span> <span class='ocrx_word' id='word_1_85' title='bbox 1345 1142 1477 1193; x_wconf 91' lang='lat' dir='ltr'><strong>quo</strong></span> <span class='ocrx_word' id='word_1_86' title='bbox 1523 1128 1724 1194; x_wconf 88' lang='lat' dir='ltr'><strong>pacto</strong></span> <span class='ocrx_word' id='word_1_87' title='bbox 1902 1125 2141 1194; x_wconf 90' lang='lat' dir='ltr'><strong>patris.</strong></span> <span class='ocrx_word' id='word_1_88' title='bbox 2218 1125 2368 1191; x_wconf 84' lang='lat' dir='ltr'><strong>Quid</strong></span> 
     </span>
     <span class='ocr_line' id='line_1_12' title="bbox 344 1194 2366 1278; baseline 0.002 -31"><span class='ocrx_word' id='word_1_89' title='bbox 344 1210 478 1264; x_wconf 91' lang='lat' dir='ltr'><strong>ergo</strong></span> <span class='ocrx_word' id='word_1_90' title='bbox 515 1194 613 1249; x_wconf 81' lang='lat' dir='ltr'><strong>isti</strong></span> <span class='ocrx_word' id='word_1_91' title='bbox 651 1194 804 1250; x_wconf 82' lang='lat' dir='ltr'><strong>doli?</strong></span> <span class='ocrx_word' id='word_1_92' title='bbox 841 1195 978 1263; x_wconf 91' lang='lat' dir='ltr'><strong>quid</strong></span> <span class='ocrx_word' id='word_1_93' title='bbox 1015 1195 1348 1251; x_wconf 81' lang='lat' dir='ltr'><strong>machinae?</strong></span> <span class='ocrx_word' id='word_1_94' title='bbox 1385 1196 1523 1264; x_wconf 90' lang='lat' dir='ltr'><strong>quid</strong></span> <span class='ocrx_word' id='word_1_95' title='bbox 1561 1196 1824 1250; x_wconf 83' lang='lat' dir='ltr'><strong>fallaciae</strong></span> <span class='ocrx_word' id='word_1_96' title='bbox 1860 1196 2366 1278; x_wconf 83' lang='lat' dir='ltr'><strong>praestrigiae-</strong></span> 
     </span>
     <span class='ocr_line' id='line_1_13' title="bbox 344 1265 2364 1337; baseline 0.001 -19"><span class='ocrx_word' id='word_1_97' title='bbox 344 1266 537 1333; x_wconf 79' lang='lat' dir='ltr'><strong>que?’</strong></span> <span class='ocrx_word' id='word_1_98' title='bbox 588 1265 690 1335; x_wconf 87' lang='lat' dir='ltr'><strong>(sic</strong></span> <span class='ocrx_word' id='word_1_99' title='bbox 727 1266 968 1321; x_wconf 90' lang='lat' dir='ltr'><strong>Vindob.</strong></span> <span class='ocrx_word' id='word_1_100' title='bbox 1005 1267 1574 1337; x_wconf 75' lang='lat' dir='ltr'><strong>praestigiaeque</strong></span> <span class='ocrx_word' id='word_1_101' title='bbox 1620 1267 1792 1322; x_wconf 89' lang='lat' dir='ltr'><strong>ceteri</strong></span> <span class='ocrx_word' id='word_1_102' title='bbox 1838 1267 1992 1337; x_wconf 85' lang='lat' dir='ltr'><strong>hbri)</strong></span> <span class='ocrx_word' id='word_1_103' title='bbox 2041 1268 2196 1321; x_wconf 79' lang='lat' dir='ltr'><strong>‘num</strong></span> <span class='ocrx_word' id='word_1_104' title='bbox 2245 1267 2364 1321; x_wconf 90' lang='lat' dir='ltr'><strong>sine</strong></span> 
     </span>
     <span class='ocr_line' id='line_1_14' title="bbox 343 1336 1117 1407; baseline 0.005 -19"><span class='ocrx_word' id='word_1_105' title='bbox 343 1336 562 1391; x_wconf 87' lang='lat' dir='ltr'><strong>ratione</strong></span> <span class='ocrx_word' id='word_1_106' title='bbox 600 1354 721 1390; x_wconf 91' lang='lat' dir='ltr'><strong>esse</strong></span> <span class='ocrx_word' id='word_1_107' title='bbox 758 1338 1117 1407; x_wconf 61' lang='lat' dir='ltr'><strong>potuerunt?</strong></span> 
     </span>
    </p>
   </div>
   <div class='ocr_carea' id='block_1_4' title="bbox 341 1462 2391 2227">
    <p class='ocr_par' dir='ltr' id='par_1_4' title="bbox 341 1462 2391 2227">
     <span class='ocr_line' id='line_1_15' title="bbox 488 1462 2359 1535; baseline 0.001 -21"><span class='ocrx_word' id='word_1_108' title='bbox 488 1468 515 1514; x_wconf 92' lang='lat'><strong>1</strong></span> <span class='ocrx_word' id='word_1_109' title='bbox 555 1463 836 1517; x_wconf 69' lang='lat' dir='ltr'><strong>constituit</strong></span> <span class='ocrx_word' id='word_1_110' title='bbox 861 1463 1098 1517; x_wconf 77' lang='lat' dir='ltr'><strong>Bothius</strong></span> <span class='ocrx_word' id='word_1_111' title='bbox 1204 1470 1239 1516; x_wconf 88' lang='lat'>4</span> <span class='ocrx_word' id='word_1_112' title='bbox 1275 1462 1427 1516; x_wconf 84' lang='lat' dir='ltr'><strong>furto</strong></span> <span class='ocrx_word' id='word_1_113' title='bbox 1454 1464 1580 1516; x_wconf 73' lang='lat' dir='ltr'><strong>Bae</strong></span> <span class='ocrx_word' id='word_1_114' title='bbox 1615 1462 1801 1516; x_wconf 84' lang='lat' dir='ltr'><strong>fructu</strong></span> <span class='ocrx_word' id='word_1_115' title='bbox 1839 1483 1881 1516; x_wconf 87' lang='grc' dir='ltr'>ω</span> <span class='ocrx_word' id='word_1_116' title='bbox 1992 1469 2024 1517; x_wconf 87' lang='grc'><strong>6</strong></span> <span class='ocrx_word' id='word_1_117' title='bbox 2062 1462 2359 1535; x_wconf 76' lang='lat' dir='ltr'><strong>pauidum]</strong></span> 
     </span>
     <span class='ocr_line' id='line_1_16' title="bbox 342 1532 2221 1604; baseline 0.002 -18"><span class='ocrx_word' id='word_1_118' title='bbox 342 1532 607 1586; x_wconf 86' lang='lat' dir='ltr'><strong>timidum</strong></span> <span class='ocrx_word' id='word_1_119' title='bbox 652 1533 824 1588; x_wconf 77' lang='lat' dir='ltr'><strong>Rehd.</strong></span> <span class='ocrx_word' id='word_1_120' title='bbox 874 1532 1161 1602; x_wconf 83' lang='lat' dir='ltr'><strong>stupidum</strong></span> <span class='ocrx_word' id='word_1_121' title='bbox 1204 1541 1305 1588; x_wconf 79' lang='lat' dir='ltr'><strong>aut</strong></span> <span class='ocrx_word' id='word_1_122' title='bbox 1350 1533 1589 1587; x_wconf 89' lang='lat' dir='ltr'><strong>bardum</strong></span> <span class='ocrx_word' id='word_1_123' title='bbox 1643 1536 1732 1604; x_wconf 80' lang='lat' dir='ltr'><strong>(cf.</strong></span> <span class='ocrx_word' id='word_1_124' title='bbox 1771 1551 1821 1588; x_wconf 82' lang='lat' dir='ltr'><strong>v.</strong></span> <span class='ocrx_word' id='word_1_125' title='bbox 1860 1537 1987 1604; x_wconf 83' lang='lat'>250)</span> <span class='ocrx_word' id='word_1_126' title='bbox 2031 1536 2221 1589; x_wconf 86' lang='lat' dir='ltr'><strong>malim</strong></span> 
     </span>
     <span class='ocr_line' id='line_1_17' title="bbox 345 1603 2391 1677; baseline 0 -20"><span class='ocrx_word' id='word_1_127' title='bbox 345 1609 374 1657; x_wconf 83' lang='lat'>7</span> <span class='ocrx_word' id='word_1_128' title='bbox 423 1603 660 1673; x_wconf 81' lang='lat' dir='ltr'><strong>dissipes</strong></span> <span class='ocrx_word' id='word_1_129' title='bbox 707 1605 862 1659; x_wconf 82' lang='lat' dir='ltr'><strong>Leid.</strong></span> <span class='ocrx_word' id='word_1_130' title='bbox 910 1622 939 1659; x_wconf 86' lang='lat' dir='ltr'><strong>c</strong></span> <span class='ocrx_word' id='word_1_131' title='bbox 984 1605 1107 1659; x_wconf 86' lang='lat' dir='ltr'><strong>Erl.</strong></span> <span class='ocrx_word' id='word_1_132' title='bbox 1165 1604 1391 1673; x_wconf 89' lang='lat' dir='ltr'><strong>dissipis</strong></span> <span class='ocrx_word' id='word_1_133' title='bbox 1430 1605 1625 1660; x_wconf 83' lang='lat' dir='ltr'><strong>Leidd.</strong></span> <span class='ocrx_word' id='word_1_134' title='bbox 1663 1607 1751 1660; x_wconf 87' lang='lat' dir='ltr'><strong>ab</strong></span> <span class='ocrx_word' id='word_1_135' title='bbox 1789 1605 1972 1660; x_wconf 86' lang='lat' dir='ltr'><strong>Palat.</strong></span> <span class='ocrx_word' id='word_1_136' title='bbox 2021 1606 2184 1660; x_wconf 70' lang='lat' dir='ltr'><strong>Vina.</strong></span> <span class='ocrx_word' id='word_1_137' title='bbox 2221 1623 2290 1659; x_wconf 85' lang='lat' dir='ltr'><strong>m.</strong></span> <span class='ocrx_word' id='word_1_138' title='bbox 2333 1612 2391 1677; x_wconf 33' lang='grc'><strong>1,</strong></span> 
     </span>
     <span class='ocr_line' id='line_1_18' title="bbox 344 1674 2362 1747; baseline 0.003 -20"><span class='ocrx_word' id='word_1_139' title='bbox 344 1674 586 1744; x_wconf 89' lang='lat' dir='ltr'><strong>dissipas</strong></span> <span class='ocrx_word' id='word_1_140' title='bbox 635 1677 797 1730; x_wconf 78' lang='lat' dir='ltr'><strong>Vind.</strong></span> <span class='ocrx_word' id='word_1_141' title='bbox 835 1691 971 1731; x_wconf 84' lang='lat' dir='ltr'><strong>corr.</strong></span> <span class='ocrx_word' id='word_1_142' title='bbox 1012 1674 1269 1747; x_wconf 88' lang='lat' dir='ltr'><strong>dissupas</strong></span> <span class='ocrx_word' id='word_1_143' title='bbox 1309 1677 1480 1731; x_wconf 77' lang='lat' dir='ltr'><em>Rehd.</em></span> <span class='ocrx_word' id='word_1_144' title='bbox 1622 1681 1654 1729; x_wconf 90' lang='lat'>8</span> <span class='ocrx_word' id='word_1_145' title='bbox 1691 1692 1794 1730; x_wconf 91' lang='lat' dir='ltr'><strong>nec</strong></span> <span class='ocrx_word' id='word_1_146' title='bbox 1831 1675 1967 1744; x_wconf 90' lang='lat' dir='ltr'><strong>quid</strong></span> <span class='ocrx_word' id='word_1_147' title='bbox 2004 1675 2136 1730; x_wconf 91' lang='lat' dir='ltr'><strong>inde</strong></span> <span class='ocrx_word' id='word_1_148' title='bbox 2175 1676 2362 1732; x_wconf 79' lang='lat' dir='ltr'><strong>Schoe-</strong></span> 
     </span>
     <span class='ocr_line' id='line_1_19' title="bbox 341 1748 2362 1867; baseline 0.001 -15"><span class='ocrx_word' id='word_1_149' title='bbox 341 1816 579 1853; x_wconf 77' lang='lat' dir='ltr'><strong>mamius</strong></span> <span class='ocrx_word' id='word_1_150' title='bbox 613 1814 685 1851; x_wconf 91' lang='lat' dir='ltr'><strong>ne</strong></span> <span class='ocrx_word' id='word_1_151' title='bbox 722 1798 858 1866; x_wconf 90' lang='lat' dir='ltr'><strong>quid</strong></span> <span class='ocrx_word' id='word_1_152' title='bbox 895 1798 1027 1853; x_wconf 91' lang='lat' dir='ltr'><strong>inde</strong></span> <span class='ocrx_word' id='word_1_153' title='bbox 1054 1800 1212 1854; x_wconf 81' lang='lat' dir='ltr'><strong>Leid.</strong></span> <span class='ocrx_word' id='word_1_154' title='bbox 1244 1802 1275 1854; x_wconf 87' lang='lat' dir='ltr'><strong><em>b</em></strong></span> <span class='ocrx_word' id='word_1_155' title='bbox 1302 1816 1485 1867; x_wconf 92' lang='lat' dir='ltr'><strong>neque</strong></span> <span class='ocrx_word' id='word_1_156' title='bbox 1521 1748 1679 1853; x_wconf 46' lang='lat' dir='ltr'><strong>tihud‘e</strong></span> <span class='ocrx_word' id='word_1_157' title='bbox 1707 1801 1872 1855; x_wconf 73' lang='lat' dir='ltr'><strong>Vind.</strong></span> <span class='ocrx_word' id='word_1_158' title='bbox 1910 1816 2092 1867; x_wconf 88' lang='lat' dir='ltr'><strong>neque</strong></span> <span class='ocrx_word' id='word_1_159' title='bbox 2128 1803 2194 1854; x_wconf 88' lang='lat' dir='ltr'><strong>ut</strong></span> <span class='ocrx_word' id='word_1_160' title='bbox 2230 1800 2362 1854; x_wconf 92' lang='lat' dir='ltr'><strong>inde</strong></span> 
     </span>
     <span class='ocr_line' id='line_1_20' title="bbox 342 1870 2360 1941; baseline 0.002 -18"><span class='ocrx_word' id='word_1_161' title='bbox 342 1871 495 1924; x_wconf 82' lang='lat' dir='ltr'><strong>codd.</strong></span> <span class='ocrx_word' id='word_1_162' title='bbox 534 1871 744 1938; x_wconf 80' lang='lat' dir='ltr'><strong>aliquot</strong></span> <span class='ocrx_word' id='word_1_163' title='bbox 779 1870 1007 1924; x_wconf 82' lang='lat' dir='ltr'><strong>Davisii</strong></span> <span class='ocrx_word' id='word_1_164' title='bbox 1040 1878 1092 1924; x_wconf 86' lang='lat' dir='ltr'><strong>et</strong></span> <span class='ocrx_word' id='word_1_165' title='bbox 1127 1872 1362 1939; x_wconf 85' lang='lat' dir='ltr'><strong>Moseri,</strong></span> <span class='ocrx_word' id='word_1_166' title='bbox 1408 1871 1453 1927; x_wconf 85' lang='lat' dir='ltr'><strong>S</strong></span> <span class='ocrx_word' id='word_1_167' title='bbox 1514 1873 1728 1941; x_wconf 77' lang='lat' dir='ltr'><strong>nyelius</strong></span> <span class='ocrx_word' id='word_1_168' title='bbox 1762 1887 1943 1939; x_wconf 89' lang='lat' dir='ltr'><strong>neque</strong></span> <span class='ocrx_word' id='word_1_169' title='bbox 1979 1872 2128 1925; x_wconf 90' lang='lat' dir='ltr'><strong>unde</strong></span> <span class='ocrx_word' id='word_1_170' title='bbox 2165 1872 2360 1927; x_wconf 79' lang='lat' dir='ltr'><strong>Leidd.</strong></span> 
     </span>
     <span class='ocr_line' id='line_1_21' title="bbox 342 1941 2362 2014; baseline 0.001 -20"><span class='ocrx_word' id='word_1_171' title='bbox 342 1956 417 1994; x_wconf 84' lang='lat' dir='ltr'><strong>ac</strong></span> <span class='ocrx_word' id='word_1_172' title='bbox 450 1941 574 1995; x_wconf 81' lang='lat' dir='ltr'><strong>Erl.</strong></span> <span class='ocrx_word' id='word_1_173' title='bbox 614 1941 798 1995; x_wconf 82' lang='lat' dir='ltr'><strong>Palat.</strong></span> <span class='ocrx_word' id='word_1_174' title='bbox 836 1958 957 1996; x_wconf 79' lang='lat' dir='ltr'><strong>cum</strong></span> <span class='ocrx_word' id='word_1_175' title='bbox 1001 1943 1132 1996; x_wconf 82' lang='lat' dir='ltr'><strong>aliis</strong></span> <span class='ocrx_word' id='word_1_176' title='bbox 1174 1958 1357 2010; x_wconf 91' lang='lat' dir='ltr'><strong>neque</strong></span> <span class='ocrx_word' id='word_1_177' title='bbox 1404 1960 1438 1996; x_wconf 89' lang='lat' dir='ltr'><strong>a</strong></span> <span class='ocrx_word' id='word_1_178' title='bbox 1463 1941 1621 2011; x_wconf 89' lang='lat' dir='ltr'><strong>iquid</strong></span> <span class='ocrx_word' id='word_1_179' title='bbox 1662 1942 1817 2014; x_wconf 75' lang='lat' dir='ltr'><strong>Gloy.</strong></span> <span class='ocrx_word' id='word_1_180' title='bbox 1855 1958 2037 2011; x_wconf 87' lang='lat' dir='ltr'><strong>neque</strong></span> <span class='ocrx_word' id='word_1_181' title='bbox 2084 1942 2181 2012; x_wconf 91' lang='lat' dir='ltr'><strong>qui</strong></span> <span class='ocrx_word' id='word_1_182' title='bbox 2228 1942 2362 1996; x_wconf 90' lang='lat' dir='ltr'><strong>inde</strong></span> 
     </span>
     <span class='ocr_line' id='line_1_22' title="bbox 344 2012 2364 2084; baseline 0.002 -19"><span class='ocrx_word' id='word_1_183' title='bbox 344 2012 703 2080; x_wconf 75' lang='lat' dir='ltr'><strong>Heindorlius</strong></span> <span class='ocrx_word' id='word_1_184' title='bbox 728 2029 909 2081; x_wconf 88' lang='lat' dir='ltr'><strong>neque</strong></span> <span class='ocrx_word' id='word_1_185' title='bbox 938 2012 1074 2081; x_wconf 90' lang='lat' dir='ltr'><strong>quid</strong></span> <span class='ocrx_word' id='word_1_186' title='bbox 1093 2016 1331 2069; x_wconf 77' lang='lat' dir='ltr'><strong>Bothius</strong></span> <span class='ocrx_word' id='word_1_187' title='bbox 1431 2020 1461 2068; x_wconf 89' lang='grc'>9</span> <span class='ocrx_word' id='word_1_188' title='bbox 1490 2030 1671 2081; x_wconf 91' lang='lat' dir='ltr'><strong>neque</strong></span> <span class='ocrx_word' id='word_1_189' title='bbox 1698 2031 1864 2082; x_wconf 90' lang='lat' dir='ltr'><strong>quem</strong></span> <span class='ocrx_word' id='word_1_190' title='bbox 1885 2015 2007 2069; x_wconf 82' lang='lat' dir='ltr'><strong>Erl.</strong></span> <span class='ocrx_word' id='word_1_191' title='bbox 2107 2021 2171 2068; x_wconf 93' lang='lat'><strong>11</strong></span> <span class='ocrx_word' id='word_1_192' title='bbox 2200 2032 2364 2084; x_wconf 84' lang='lat' dir='ltr'><strong>prae-</strong></span> 
     </span>
     <span class='ocr_line' id='line_1_23' title="bbox 344 2081 2361 2155; baseline 0.003 -20"><span class='ocrx_word' id='word_1_193' title='bbox 344 2081 570 2152; x_wconf 87' lang='lat' dir='ltr'><strong>strigias</strong></span> <span class='ocrx_word' id='word_1_194' title='bbox 607 2084 732 2138; x_wconf 81' lang='lat' dir='ltr'><strong>Bue</strong></span> <span class='ocrx_word' id='word_1_195' title='bbox 766 2086 858 2153; x_wconf 79' lang='lat' dir='ltr'><strong>(cf.</strong></span> <span class='ocrx_word' id='word_1_196' title='bbox 892 2084 1033 2140; x_wconf 77' lang='lat' dir='ltr'><em>OGz.</em></span> <span class='ocrx_word' id='word_1_197' title='bbox 1064 2084 1115 2138; x_wconf 92' lang='lat' dir='ltr'><strong>V</strong></span> <span class='ocrx_word' id='word_1_198' title='bbox 1143 2091 1262 2151; x_wconf 84' lang='lat'><strong>323,</strong></span> <span class='ocrx_word' id='word_1_199' title='bbox 1292 2091 1325 2139; x_wconf 89' lang='lat'>8</span> <span class='ocrx_word' id='word_1_200' title='bbox 1367 2085 1433 2140; x_wconf 73' lang='lat' dir='ltr'><strong>G.</strong></span> <span class='ocrx_word' id='word_1_201' title='bbox 1477 2084 1879 2155; x_wconf 77' lang='lat' dir='ltr'><strong>‘praestrigia’)</strong></span> <span class='ocrx_word' id='word_1_202' title='bbox 1914 2085 2252 2155; x_wconf 89' lang='lat' dir='ltr'><strong>praestigias</strong></span> <span class='ocrx_word' id='word_1_203' title='bbox 2291 2107 2361 2142; x_wconf 77' lang='lat' dir='ltr'><strong>co:</strong></span> 
     </span>
     <span class='ocr_line' id='line_1_24' title="bbox 342 2155 1622 2227; baseline 0.003 -19"><span class='ocrx_word' id='word_1_204' title='bbox 342 2156 437 2208; x_wconf 81' lang='lat' dir='ltr'><strong>sed</strong></span> <span class='ocrx_word' id='word_1_205' title='bbox 471 2172 518 2209; x_wconf 83' lang='lat' dir='ltr'><strong>v.</strong></span> <span class='ocrx_word' id='word_1_206' title='bbox 555 2171 728 2224; x_wconf 74' lang='lat' dir='ltr'><strong>supra</strong></span> <span class='ocrx_word' id='word_1_207' title='bbox 852 2155 1190 2224; x_wconf 83' lang='lat' dir='ltr'><strong>praestinxit</strong></span> <span class='ocrx_word' id='word_1_208' title='bbox 1225 2177 1274 2227; x_wconf 82' lang='grc' dir='ltr'><strong>χ,</strong></span> <span class='ocrx_word' id='word_1_209' title='bbox 1314 2157 1622 2211; x_wconf 76' lang='lat' dir='ltr'><strong>Lambinus</strong></span> 
     </span>
    </p>
   </div>
   <div class='ocr_carea' id='block_1_5' title="bbox 235 2324 1871 2526">
    <p class='ocr_par' dir='ltr' id='par_1_5' title="bbox 235 2324 1871 2526">
     <span class='ocr_line' id='line_1_25' title="bbox 1317 2324 1379 2381; baseline 0 0"><span class='ocrx_word' id='word_1_210' title='bbox 1317 2324 1379 2381; x_wconf 93' lang='grc' dir='ltr'>Π</span> 
     </span>
     <span class='ocr_line' id='line_1_26' title="bbox 235 2427 1871 2526; baseline 0 -19"><span class='ocrx_word' id='word_1_211' title='bbox 235 2459 338 2507; x_wconf 83' lang='lat'><strong>210</strong></span> <span class='ocrx_word' id='word_1_212' title='bbox 360 2438 529 2504; x_wconf 87' lang='lat' dir='ltr'><strong>Serit</strong></span> <span class='ocrx_word' id='word_1_213' title='bbox 574 2427 860 2526; x_wconf 68' lang='lat' dir='ltr'><strong>arbores,</strong></span> <span class='ocrx_word' id='word_1_214' title='bbox 907 2464 1067 2526; x_wconf 87' lang='lat' dir='ltr'><strong>quae</strong></span> <span class='ocrx_word' id='word_1_215' title='bbox 1113 2443 1321 2507; x_wconf 76' lang='lat' dir='ltr'><strong>saeclo</strong></span> <span class='ocrx_word' id='word_1_216' title='bbox 1369 2443 1623 2526; x_wconf 90' lang='lat' dir='ltr'><strong>prosint</strong></span> <span class='ocrx_word' id='word_1_217' title='bbox 1667 2444 1871 2507; x_wconf 72' lang='lat' dir='ltr'><strong>alteri.</strong></span> 
     </span>
    </p>
   </div>
   <div class='ocr_carea' id='block_1_6' title="bbox 175 2575 2358 2935">
    <p class='ocr_par' dir='ltr' id='par_1_6' title="bbox 175 2575 2358 2935">
     <span class='ocr_line' id='line_1_27' title="bbox 482 2575 2358 2650; baseline 0.001 -18"><span class='ocrx_word' id='word_1_218' title='bbox 482 2579 672 2634; x_wconf 86' lang='lat' dir='ltr'><strong>Cicero</strong></span> <span class='ocrx_word' id='word_1_219' title='bbox 711 2579 939 2635; x_wconf 85' lang='lat' dir='ltr'><strong>Catonis</strong></span> <span class='ocrx_word' id='word_1_220' title='bbox 975 2581 1104 2636; x_wconf 90' lang='lat' dir='ltr'><strong>mai.</strong></span> <span class='ocrx_word' id='word_1_221' title='bbox 1145 2588 1192 2650; x_wconf 83' lang='lat'><strong>7,</strong></span> <span class='ocrx_word' id='word_1_222' title='bbox 1233 2587 1301 2634; x_wconf 83' lang='lat'><strong>24</strong></span> <span class='ocrx_word' id='word_1_223' title='bbox 1342 2583 1525 2635; x_wconf 77' lang='lat' dir='ltr'><strong>‘nemo</strong></span> <span class='ocrx_word' id='word_1_224' title='bbox 1565 2582 1714 2635; x_wconf 90' lang='lat' dir='ltr'><strong>enim</strong></span> <span class='ocrx_word' id='word_1_225' title='bbox 1750 2585 1837 2636; x_wconf 88' lang='lat' dir='ltr'><strong>est</strong></span> <span class='ocrx_word' id='word_1_226' title='bbox 1871 2585 1992 2636; x_wconf 83' lang='lat' dir='ltr'><strong>tam</strong></span> <span class='ocrx_word' id='word_1_227' title='bbox 2028 2575 2220 2650; x_wconf 84' lang='lat' dir='ltr'><strong>senex,</strong></span> <span class='ocrx_word' id='word_1_228' title='bbox 2259 2581 2358 2650; x_wconf 90' lang='lat' dir='ltr'><strong>qui</strong></span> 
     </span>
     <span class='ocr_line' id='line_1_28' title="bbox 175 2653 2356 2722; baseline 0.003 -21"><span class='ocrx_word' id='word_1_229' title='bbox 175 2692 181 2699; x_wconf 91' lang='lat'><strong>.</strong></span> <span class='ocrx_word' id='word_1_230' title='bbox 224 2661 231 2671; x_wconf 87' lang='lat'><strong>·</strong></span> <span class='ocrx_word' id='word_1_231' title='bbox 341 2667 399 2703; x_wconf 92' lang='lat' dir='ltr'><strong>se</strong></span> <span class='ocrx_word' id='word_1_232' title='bbox 438 2668 645 2704; x_wconf 86' lang='lat' dir='ltr'><strong>annum</strong></span> <span class='ocrx_word' id='word_1_233' title='bbox 680 2668 793 2705; x_wconf 87' lang='lat' dir='ltr'><strong>non</strong></span> <span class='ocrx_word' id='word_1_234' title='bbox 828 2655 991 2721; x_wconf 88' lang='lat' dir='ltr'><strong>putet</strong></span> <span class='ocrx_word' id='word_1_235' title='bbox 1025 2669 1189 2721; x_wconf 90' lang='lat' dir='ltr'><strong>posse</strong></span> <span class='ocrx_word' id='word_1_236' title='bbox 1226 2653 1447 2708; x_wconf 87' lang='lat' dir='ltr'><strong>uiuere:</strong></span> <span class='ocrx_word' id='word_1_237' title='bbox 1505 2653 1604 2707; x_wconf 92' lang='lat' dir='ltr'><strong>sed</strong></span> <span class='ocrx_word' id='word_1_238' title='bbox 1640 2653 1790 2707; x_wconf 91' lang='lat' dir='ltr'><strong>idem</strong></span> <span class='ocrx_word' id='word_1_239' title='bbox 1825 2653 1886 2707; x_wconf 90' lang='lat' dir='ltr'><strong>in</strong></span> <span class='ocrx_word' id='word_1_240' title='bbox 1923 2653 2003 2707; x_wconf 92' lang='lat' dir='ltr'><strong>eis</strong></span> <span class='ocrx_word' id='word_1_241' title='bbox 2043 2653 2356 2722; x_wconf 84' lang='lat' dir='ltr'><strong>elaborant,</strong></span> 
     </span>
     <span class='ocr_line' id='line_1_29' title="bbox 340 2721 2358 2793; baseline 0.002 -20"><span class='ocrx_word' id='word_1_242' title='bbox 340 2738 485 2789; x_wconf 90' lang='lat' dir='ltr'><strong>quae</strong></span> <span class='ocrx_word' id='word_1_243' title='bbox 524 2721 709 2777; x_wconf 83' lang='lat' dir='ltr'><strong>sciunt</strong></span> <span class='ocrx_word' id='word_1_244' title='bbox 742 2723 887 2775; x_wconf 88' lang='lat' dir='ltr'><strong>nihil</strong></span> <span class='ocrx_word' id='word_1_245' title='bbox 924 2723 1260 2784; x_wconf 89' lang='lat' dir='ltr'><strong>omninoad</strong></span> <span class='ocrx_word' id='word_1_246' title='bbox 1300 2740 1358 2778; x_wconf 92' lang='lat' dir='ltr'><strong>se</strong></span> <span class='ocrx_word' id='word_1_247' title='bbox 1395 2724 1690 2793; x_wconf 90' lang='lat' dir='ltr'><strong>pertinere.</strong></span> <span class='ocrx_word' id='word_1_248' title='bbox 1745 2724 1957 2778; x_wconf 90' lang='lat' dir='ltr'><strong>Serit’</strong></span> <span class='ocrx_word' id='word_1_249' title='bbox 1999 2741 2044 2778; x_wconf 91' lang='lat' dir='ltr'><strong>e.</strong></span> <span class='ocrx_word' id='word_1_250' title='bbox 2075 2741 2129 2792; x_wconf 88' lang='lat' dir='ltr'><strong>q.</strong></span> <span class='ocrx_word' id='word_1_251' title='bbox 2159 2742 2200 2778; x_wconf 89' lang='lat' dir='ltr'><strong>s.</strong></span> <span class='ocrx_word' id='word_1_252' title='bbox 2270 2726 2358 2778; x_wconf 76' lang='lat' dir='ltr'><strong>‘ut</strong></span> 
     </span>
     <span class='ocr_line' id='line_1_30' title="bbox 342 2792 2356 2865; baseline 0.002 -19"><span class='ocrx_word' id='word_1_253' title='bbox 342 2792 441 2846; x_wconf 88' lang='lat' dir='ltr'><strong>ait·</strong></span> <span class='ocrx_word' id='word_1_254' title='bbox 462 2792 675 2847; x_wconf 88' lang='lat' dir='ltr'><strong>Statius</strong></span> <span class='ocrx_word' id='word_1_255' title='bbox 721 2797 915 2848; x_wconf 88' lang='lat' dir='ltr'><strong>noster</strong></span> <span class='ocrx_word' id='word_1_256' title='bbox 958 2794 1019 2847; x_wconf 90' lang='lat' dir='ltr'><strong>in</strong></span> <span class='ocrx_word' id='word_1_257' title='bbox 1073 2794 1437 2864; x_wconf 81' lang='lat' dir='ltr'><strong>Synephebis.</strong></span> <span class='ocrx_word' id='word_1_258' title='bbox 1512 2812 1614 2849; x_wconf 90' lang='lat' dir='ltr'><strong>nec</strong></span> <span class='ocrx_word' id='word_1_259' title='bbox 1651 2812 1783 2850; x_wconf 91' lang='lat' dir='ltr'><strong>uero</strong></span> <span class='ocrx_word' id='word_1_260' title='bbox 1823 2794 2050 2849; x_wconf 88' lang='lat' dir='ltr'><strong>dubitat</strong></span> <span class='ocrx_word' id='word_1_261' title='bbox 2087 2795 2356 2865; x_wconf 88' lang='lat' dir='ltr'><strong>agricola,</strong></span> 
     </span>
     <span class='ocr_line' id='line_1_31' title="bbox 341 2863 2358 2935; baseline 0.001 -19"><span class='ocrx_word' id='word_1_262' title='bbox 341 2863 597 2930; x_wconf 92' lang='lat' dir='ltr'><strong>quamuis</strong></span> <span class='ocrx_word' id='word_1_263' title='bbox 637 2864 711 2918; x_wconf 93' lang='lat' dir='ltr'><strong>sit</strong></span> <span class='ocrx_word' id='word_1_264' title='bbox 748 2882 940 2934; x_wconf 81' lang='lat' dir='ltr'><strong>senex,</strong></span> <span class='ocrx_word' id='word_1_265' title='bbox 978 2866 1271 2933; x_wconf 88' lang='lat' dir='ltr'><strong>quaerenti</strong></span> <span class='ocrx_word' id='word_1_266' title='bbox 1311 2865 1402 2919; x_wconf 91' lang='lat' dir='ltr'><strong>cui</strong></span> <span class='ocrx_word' id='word_1_267' title='bbox 1440 2870 1591 2920; x_wconf 86' lang='lat' dir='ltr'><strong>serat</strong></span> <span class='ocrx_word' id='word_1_268' title='bbox 1627 2867 1986 2935; x_wconf 81' lang='lat' dir='ltr'><strong>respondere:</strong></span> <span class='ocrx_word' id='word_1_269' title='bbox 2026 2865 2112 2919; x_wconf 91' lang='lat' dir='ltr'><strong>dis</strong></span> <span class='ocrx_word' id='word_1_270' title='bbox 2149 2867 2358 2920; x_wconf 88' lang='lat' dir='ltr'><strong>inmor-</strong></span> 
     </span>
    </p>
   </div>
   <div class='ocr_carea' id='block_1_7' title="bbox 340 2934 2473 3006">
    <p class='ocr_par' dir='ltr' id='par_1_7' title="bbox 340 2934 2473 3006">
     <span class='ocr_line' id='line_1_32' title="bbox 340 2934 2473 3006; baseline 0.002 -19"><span class='ocrx_word' id='word_1_271' title='bbox 340 2934 595 2989; x_wconf 84' lang='lat' dir='ltr'><strong>talibus.</strong></span> <span class='ocrx_word' id='word_1_272' title='bbox 630 2980 639 2990; x_wconf 92' lang='lat'>.</span> <span class='ocrx_word' id='word_1_273' title='bbox 674 2980 683 2990; x_wconf 93' lang='lat'>.</span> <span class='ocrx_word' id='word_1_274' title='bbox 716 2938 774 2989; x_wconf 82' lang='lat' dir='ltr'><strong>et</strong></span> <span class='ocrx_word' id='word_1_275' title='bbox 799 2936 999 2990; x_wconf 89' lang='lat' dir='ltr'><strong>melius</strong></span> <span class='ocrx_word' id='word_1_276' title='bbox 1026 2936 1302 2991; x_wconf 86' lang='lat' dir='ltr'><strong>Caecilius</strong></span> <span class='ocrx_word' id='word_1_277' title='bbox 1334 2936 1411 2990; x_wconf 94' lang='lat' dir='ltr'><strong>de</strong></span> <span class='ocrx_word' id='word_1_278' title='bbox 1446 2954 1602 2991; x_wconf 91' lang='lat' dir='ltr'><strong>sene</strong></span> <span class='ocrx_word' id='word_1_279' title='bbox 1642 2938 1850 2991; x_wconf 91' lang='lat' dir='ltr'><strong>alteri</strong></span> <span class='ocrx_word' id='word_1_280' title='bbox 1888 2937 2163 2992; x_wconf 91' lang='lat' dir='ltr'><strong>saeculo</strong></span> <span class='ocrx_word' id='word_1_281' title='bbox 2200 2955 2356 3006; x_wconf 91' lang='lat' dir='ltr'><strong>pro·</strong></span> <span class='ocrx_word' id='word_1_282' title='bbox 2467 2997 2473 3003; x_wconf 51' lang='grc'><em>,</em></span> 
     </span>
    </p>
   </div>
   <div class='ocr_carea' id='block_1_8' title="bbox 339 3005 2357 3290">
    <p class='ocr_par' dir='ltr' id='par_1_8' title="bbox 339 3005 2357 3290">
     <span class='ocr_line' id='line_1_33' title="bbox 341 3005 2351 3078; baseline 0.002 -20"><span class='ocrx_word' id='word_1_283' title='bbox 341 3005 685 3075; x_wconf 85' lang='lat' dir='ltr'><strong>spiciente</strong></span> <span class='ocrx_word' id='word_1_284' title='bbox 722 3009 912 3075; x_wconf 91' lang='lat' dir='ltr'><strong>quam’</strong></span> <span class='ocrx_word' id='word_1_285' title='bbox 954 3025 999 3062; x_wconf 90' lang='lat' dir='ltr'><strong>e.</strong></span> <span class='ocrx_word' id='word_1_286' title='bbox 1039 3025 1090 3076; x_wconf 92' lang='lat' dir='ltr'><strong>q.</strong></span> <span class='ocrx_word' id='word_1_287' title='bbox 1132 3027 1172 3062; x_wconf 80' lang='lat' dir='ltr'><strong>s,</strong></span> <span class='ocrx_word' id='word_1_288' title='bbox 1246 3008 1402 3061; x_wconf 89' lang='lat' dir='ltr'><strong>Idem</strong></span> <span class='ocrx_word' id='word_1_289' title='bbox 1439 3008 1600 3062; x_wconf 89' lang='lat' dir='ltr'><strong>Tusc.</strong></span> <span class='ocrx_word' id='word_1_290' title='bbox 1641 3008 1781 3078; x_wconf 84' lang='lat' dir='ltr'><strong>disp.</strong></span> <span class='ocrx_word' id='word_1_291' title='bbox 1821 3010 1847 3061; x_wconf 96' lang='lat' dir='ltr'>I</span> <span class='ocrx_word' id='word_1_292' title='bbox 1886 3014 1968 3078; x_wconf 84' lang='lat'><strong>14,</strong></span> <span class='ocrx_word' id='word_1_293' title='bbox 2009 3015 2073 3062; x_wconf 89' lang='grc'><strong>31</strong></span> <span class='ocrx_word' id='word_1_294' title='bbox 2118 3008 2351 3063; x_wconf 77' lang='lat' dir='ltr'><strong>‘serit’</strong></span> 
     </span>
     <span class='ocr_line' id='line_1_34' title="bbox 341 3078 2357 3150; baseline 0.001 -20"><span class='ocrx_word' id='word_1_295' title='bbox 341 3093 387 3131; x_wconf 91' lang='lat' dir='ltr'><strong>e.</strong></span> <span class='ocrx_word' id='word_1_296' title='bbox 426 3095 478 3145; x_wconf 90' lang='lat' dir='ltr'><strong>q.</strong></span> <span class='ocrx_word' id='word_1_297' title='bbox 518 3095 559 3131; x_wconf 82' lang='lat' dir='ltr'><strong>s,</strong></span> <span class='ocrx_word' id='word_1_298' title='bbox 637 3079 723 3131; x_wconf 87' lang='lat' dir='ltr'><strong>‘ut</strong></span> <span class='ocrx_word' id='word_1_299' title='bbox 761 3078 843 3133; x_wconf 89' lang='lat' dir='ltr'><strong>ait</strong></span> <span class='ocrx_word' id='word_1_300' title='bbox 879 3078 998 3132; x_wconf 89' lang='lat' dir='ltr'><strong>ille’</strong></span> <span class='ocrx_word' id='word_1_301' title='bbox 1047 3078 1213 3149; x_wconf 78' lang='lat' dir='ltr'><strong>(‘ille’</strong></span> <span class='ocrx_word' id='word_1_302' title='bbox 1254 3079 1383 3133; x_wconf 90' lang='lat' dir='ltr'><strong>add.</strong></span> <span class='ocrx_word' id='word_1_303' title='bbox 1422 3079 1686 3149; x_wconf 89' lang='lat' dir='ltr'><strong>Wolfius,</strong></span> <span class='ocrx_word' id='word_1_304' title='bbox 1723 3081 1880 3150; x_wconf 91' lang='lat' dir='ltr'><strong>prob.</strong></span> <span class='ocrx_word' id='word_1_305' title='bbox 1919 3078 2357 3149; x_wconf 89' lang='lat' dir='ltr'><strong>Wesenbergius</strong></span> 
     </span>
     <span class='ocr_line' id='line_1_35' title="bbox 340 3148 2355 3220; baseline 0.002 -20"><span class='ocrx_word' id='word_1_306' title='bbox 340 3148 569 3203; x_wconf 89' lang='lat' dir='ltr'><strong>Emend.</strong></span> <span class='ocrx_word' id='word_1_307' title='bbox 601 3149 760 3204; x_wconf 82' lang='lat' dir='ltr'><strong>Tusc.</strong></span> <span class='ocrx_word' id='word_1_308' title='bbox 781 3150 832 3203; x_wconf 94' lang='grc' dir='ltr'>Π</span> <span class='ocrx_word' id='word_1_309' title='bbox 862 3158 891 3205; x_wconf 85' lang='grc'><strong>7</strong></span> <span class='ocrx_word' id='word_1_310' title='bbox 934 3149 1193 3204; x_wconf 86' lang='lat' dir='ltr'><strong>‘Statius’</strong></span> <span class='ocrx_word' id='word_1_311' title='bbox 1235 3149 1355 3220; x_wconf 89' lang='lat' dir='ltr'><strong>alii)</strong></span> <span class='ocrx_word' id='word_1_312' title='bbox 1397 3149 1479 3203; x_wconf 87' lang='lat' dir='ltr'><strong>‘in</strong></span> <span class='ocrx_word' id='word_1_313' title='bbox 1514 3150 1880 3220; x_wconf 84' lang='lat' dir='ltr'><strong>Synephebis,</strong></span> <span class='ocrx_word' id='word_1_314' title='bbox 1919 3150 2055 3219; x_wconf 92' lang='lat' dir='ltr'><strong>quid</strong></span> <span class='ocrx_word' id='word_1_315' title='bbox 2094 3153 2355 3219; x_wconf 84' lang='lat' dir='ltr'><strong>spectans</strong></span> 
     </span>
     <span class='ocr_line' id='line_1_36' title="bbox 339 3218 2353 3290; baseline 0.002 -19"><span class='ocrx_word' id='word_1_316' title='bbox 339 3218 450 3272; x_wconf 91' lang='lat' dir='ltr'><strong>nisi</strong></span> <span class='ocrx_word' id='word_1_317' title='bbox 487 3219 660 3274; x_wconf 87' lang='lat' dir='ltr'><strong>etiam</strong></span> <span class='ocrx_word' id='word_1_318' title='bbox 693 3223 921 3289; x_wconf 86' lang='lat' dir='ltr'><strong>postera</strong></span> <span class='ocrx_word' id='word_1_319' title='bbox 957 3221 1182 3275; x_wconf 88' lang='lat' dir='ltr'><strong>saecula</strong></span> <span class='ocrx_word' id='word_1_320' title='bbox 1220 3221 1293 3274; x_wconf 94' lang='lat' dir='ltr'><strong>ad</strong></span> <span class='ocrx_word' id='word_1_321' title='bbox 1332 3238 1390 3274; x_wconf 94' lang='lat' dir='ltr'><strong>se</strong></span> <span class='ocrx_word' id='word_1_322' title='bbox 1425 3221 1762 3290; x_wconf 60' lang='lat' dir='ltr'><strong>pertinere?</strong></span> <span class='ocrx_word' id='word_1_323' title='bbox 1805 3222 1884 3277; x_wconf 83' lang='lat' dir='ltr'><strong>Cf.</strong></span> <span class='ocrx_word' id='word_1_324' title='bbox 1926 3221 1999 3276; x_wconf 88' lang='lat' dir='ltr'><strong>ad</strong></span> <span class='ocrx_word' id='word_1_325' title='bbox 2035 3221 2144 3277; x_wconf 91' lang='lat' dir='ltr'><strong>inc.</strong></span> <span class='ocrx_word' id='word_1_326' title='bbox 2173 3220 2281 3276; x_wconf 87' lang='lat' dir='ltr'><strong>inc.</strong></span> <span class='ocrx_word' id='word_1_327' title='bbox 2312 3223 2353 3276; x_wconf 94' lang='grc' dir='ltr'><strong>Ι.</strong></span> 
     </span>
    </p>
   </div>
   <div class='ocr_carea' id='block_1_9' title="bbox 338 3343 2357 3625">
    <p class='ocr_par' dir='ltr' id='par_1_9' title="bbox 338 3343 2357 3625">
     <span class='ocr_line' id='line_1_37' title="bbox 482 3343 2357 3416; baseline 0.002 -20"><span class='ocrx_word' id='word_1_328' title='bbox 482 3343 667 3397; x_wconf 84' lang='lat' dir='ltr'><strong>saeclo</strong></span> <span class='ocrx_word' id='word_1_329' title='bbox 704 3345 922 3413; x_wconf 88' lang='lat' dir='ltr'><strong>prosint</strong></span> <span class='ocrx_word' id='word_1_330' title='bbox 959 3344 1124 3399; x_wconf 87' lang='lat' dir='ltr'><strong>alteri</strong></span> <span class='ocrx_word' id='word_1_331' title='bbox 1151 3345 1472 3416; x_wconf 77' lang='lat' dir='ltr'><strong>Spenyelius</strong></span> <span class='ocrx_word' id='word_1_332' title='bbox 1506 3345 1671 3399; x_wconf 89' lang='lat' dir='ltr'><strong>alteri</strong></span> <span class='ocrx_word' id='word_1_333' title='bbox 1700 3345 1924 3400; x_wconf 87' lang='lat' dir='ltr'><strong>saeculo</strong></span> <span class='ocrx_word' id='word_1_334' title='bbox 1953 3345 2172 3414; x_wconf 88' lang='lat' dir='ltr'><strong>prosint</strong></span> <span class='ocrx_word' id='word_1_335' title='bbox 2209 3349 2357 3415; x_wconf 92' lang='lat' dir='ltr'><strong>(pro-</strong></span> 
     </span>
     <span class='ocr_line' id='line_1_38' title="bbox 341 3413 2356 3487; baseline 0.001 -20"><span class='ocrx_word' id='word_1_336' title='bbox 341 3413 487 3467; x_wconf 81' lang='lat' dir='ltr'><strong>sient</strong></span> <span class='ocrx_word' id='word_1_337' title='bbox 526 3414 641 3469; x_wconf 83' lang='lat' dir='ltr'><strong>Cat.</strong></span> <span class='ocrx_word' id='word_1_338' title='bbox 681 3416 812 3471; x_wconf 84' lang='lat' dir='ltr'><strong>Par.</strong></span> <span class='ocrx_word' id='word_1_339' title='bbox 851 3419 914 3470; x_wconf 77' lang='lat' dir='ltr'><strong>in</strong></span> <span class='ocrx_word' id='word_1_340' title='bbox 948 3425 1050 3487; x_wconf 73' lang='lat' dir='ltr'><strong>my.</strong></span> <span class='ocrx_word' id='word_1_341' title='bbox 1088 3435 1157 3471; x_wconf 84' lang='lat' dir='ltr'><strong>m.</strong></span> <span class='ocrx_word' id='word_1_342' title='bbox 1195 3419 1291 3471; x_wconf 83' lang='lat' dir='ltr'><strong>alt.</strong></span> <span class='ocrx_word' id='word_1_343' title='bbox 1331 3419 1424 3471; x_wconf 82' lang='lat' dir='ltr'><strong>sed</strong></span> <span class='ocrx_word' id='word_1_344' title='bbox 1458 3420 1595 3485; x_wconf 73' lang='lat' dir='ltr'><strong>a‘nt.)</strong></span> <span class='ocrx_word' id='word_1_345' title='bbox 1645 3437 1688 3470; x_wconf 87' lang='grc' dir='ltr'><strong><em>ω</em></strong></span> <span class='ocrx_word' id='word_1_346' title='bbox 1905 3416 2040 3471; x_wconf 88' lang='lat' dir='ltr'><strong>serit</strong></span> <span class='ocrx_word' id='word_1_347' title='bbox 2093 3417 2356 3471; x_wconf 89' lang='lat' dir='ltr'><strong>&#39;Arbores</strong></span> 
     </span>
     <span class='ocr_line' id='line_1_39' title="bbox 338 3484 2356 3559; baseline 0.003 -22"><span class='ocrx_word' id='word_1_348' title='bbox 338 3500 483 3552; x_wconf 87' lang='lat' dir='ltr'><strong>quae</strong></span> <span class='ocrx_word' id='word_1_349' title='bbox 521 3484 686 3538; x_wconf 82' lang='lat' dir='ltr'><strong>alteri</strong></span> <span class='ocrx_word' id='word_1_350' title='bbox 724 3486 947 3540; x_wconf 79' lang='lat' dir='ltr'><strong>saeculo</strong></span> <span class='ocrx_word' id='word_1_351' title='bbox 974 3487 1225 3556; x_wconf 82' lang='lat' dir='ltr'><strong>prosient</strong></span> <span class='ocrx_word' id='word_1_352' title='bbox 1261 3487 1501 3557; x_wconf 90' lang='lat' dir='ltr'><strong>(prosint</strong></span> <span class='ocrx_word' id='word_1_353' title='bbox 1536 3490 1809 3559; x_wconf 75' lang='lat' dir='ltr'><strong>Berykius</strong></span> <span class='ocrx_word' id='word_1_354' title='bbox 1844 3505 2022 3558; x_wconf 76' lang='lat' dir='ltr'><strong>opusc.</strong></span> <span class='ocrx_word' id='word_1_355' title='bbox 2057 3487 2083 3541; x_wconf 98' lang='lat' dir='ltr'>I</span> <span class='ocrx_word' id='word_1_356' title='bbox 2120 3490 2244 3557; x_wconf 80' lang='lat'>218)</span> <span class='ocrx_word' id='word_1_357' title='bbox 2286 3488 2356 3543; x_wconf 77' lang='lat' dir='ltr'><strong>G.</strong></span> 
     </span>
     <span class='ocr_line' id='line_1_40' title="bbox 339 3556 1047 3625; baseline 0.006 -16"><span class='ocrx_word' id='word_1_358' title='bbox 339 3556 711 3624; x_wconf 67' lang='lat' dir='ltr'><strong>HermannuS,</strong></span> <span class='ocrx_word' id='word_1_359' title='bbox 745 3559 870 3625; x_wconf 73' lang='lat' dir='ltr'><strong>fort.</strong></span> <span class='ocrx_word' id='word_1_360' title='bbox 910 3565 1047 3613; x_wconf 82' lang='lat' dir='ltr'><strong>recte</strong></span> 
     </span>
    </p>
   </div>
  </div>
 </body>
</html>
