2610 4007
726 149 789 203 L.
826 147 1249 203 POMPONIVS
1287 146 1774 202 BONONIENSIS
2131 150 2261 215 289

225 308 400 362 scribi
443 309 606 362 velim
651 309 740 375 (cf.
785 308 1091 362 Muellerus
1128 310 1347 377 prosod.
1386 309 1590 362 Plaut.
1620 315 1725 364 356
1758 311 1856 379 sq.)
1907 327 2173 378 umquam
2218 332 2261 364 ω

226 395 501 446 umquam
537 395 776 446 usquam
811 396 852 432 a·
898 395 1002 447 ego
1039 396 1308 447 umquam
1350 379 1558 434 Ouious
1739 380 2058 434 incoxamui
2095 383 2233 436 ΕΗ
2241 382 2264 413 ²

226 449 472 504 L1PW
607 451 769 502 nates
806 467 901 504 ms.
931 450 1115 505 Fabri
1156 453 1351 504 uatem
1380 459 1687 519 praestaret

1170 654 1321 712 VIII

223 753 296 818 N
295 758 422 818 iinc
468 776 657 840 roges
705 756 861 838 quid
905 755 1051 819 fiat:
1097 756 1286 819 restis
1330 755 1485 819 uilis
1531 761 1654 842 esi,
1697 758 1870 821 uolet
1914 758 2150 844 gulam.

370 883 591 938 Nonius
636 891 768 954 416,
811 890 876 938 15
927 885 1191 939 ‘uelare
1242 888 1330 939 est
1376 887 1650 956 coperire,
1706 889 1855 942 unde
1903 891 1961 942 et
2004 890 2258 944 reuelare

222 955 444 1009 nudare
483 955 705 1010 dicitur.
769 956 976 1010 Velare
1011 975 1231 1010 rursum
1267 957 1487 1026 ligare.’

370 1087 535 1140 roges
572 1072 773 1152 scripsi
808 1073 955 1141 (item
987 1071 1298 1153 Quicherat)
1336 1073 1488 1142 rogis
1527 1095 1569 1127 ω
1590 1091 1782 1154 ‘rogas
1820 1075 1949 1130 Αἶά.
1988 1146 1999 1156 .
2122 1076 2256 1130 uilis

224 1145 318 1197 est
362 1144 650 1197 Turnebus
693 1142 809 1196 bile
847 1145 933 1196 est
968 1144 1024 1196 B
1070 1142 1242 1197 bilest
1279 1147 1366 1198 est
1403 1145 1471 1198 H
1483 1145 1502 1176 ¹
1545 1145 1687 1199 biles
1728 1147 1814 1198 est
1855 1167 1897 1215 φ
1943 1147 2141 1217 uilest,
2189 1165 2258 1202 ea

222 1215 368 1269 coni.
400 1214 517 1268 Leo
544 1215 632 1268 Pl.
664 1214 733 1267 F.
765 1219 868 1267 259
994 1213 1188 1283 gylam
1223 1236 1292 1271 ωε
1332 1218 1400 1283 cf.
1434 1215 1611 1285 Caper
1636 1219 1702 1271 iu
1732 1217 1885 1271 CGL
1912 1217 2016 1271 VII
2046 1225 2147 1273 105
2179 1221 2253 1274 K.

865 1453 1168 1512 PAPPVS
1215 1453 1625 1513 AGRIOOLA

366 1569 484 1622 Rus
523 1586 592 1623 ex
627 1569 766 1623 urbe
802 1569 1087 1638 inproviso
1124 1571 1454 1625 redeuntem
1489 1570 1744 1641 Pappum
1780 1571 2039 1642 intellegi
2080 1573 2145 1626 fr.
2176 1574 2255 1626 III

214 1640 596 1710 probabiliter
632 1640 836 1695 statuit
870 1641 1135 1694 Munkius
1173 1660 1228 1710 p.
1259 1648 1344 1696 34.

1224 1830 1254 1887 I

217 1927 457 1992 Nescio
507 1929 651 2013 quis
705 1928 944 1993 molam
991 1931 1174 2014 quasi
1229 1931 1446 1995 asinus
1499 1935 1690 2019 urget
1735 1936 2001 1998 uxorem
2054 1939 2250 2024 tuam,

218 2033 345 2099 ‘Ita
392 2036 637 2119 opertis
684 2036 886 2099 oculis
933 2037 1156 2100 simitu
1201 2039 1625 2103 manducatur
1669 2041 1742 2103 ac
1787 2042 1991 2107 molilz.
2256 2056 2358 2103 100

275 2215 300 2241 0
363 2165 739 2306 ΝοᾳίιιεΗΐἹΊ,
769 2173 803 2219 4
845 2168 1318 2221 ‘manducatur
1353 2185 1454 2237 pro
1493 2170 1839 2223 manducat?
1882 2171 2248 2241 (agricola-

216 2255 344 2291 nus
388 2254 532 2291 scio

364 2349 391 2396 1
431 2342 642 2397 molam
679 2344 842 2411 quasi
879 2344 1068 2398 asinus
1105 2348 1271 2415 urget
1302 2346 1373 2400 A.
1393 2347 1580 2401 Luchs
1605 2347 1792 2401 Herm.
1826 2348 1914 2402 VI
1934 2354 2036 2402 269
2076 2349 2246 2403 ellam

215 2416 384 2485 urget
428 2413 594 2483 quasi
644 2414 834 2469 asinus
882 2437 924 2469 ω
979 2416 1143 2484 quasi
1188 2417 1399 2471 molam
1444 2420 1608 2487 urget
1654 2416 1845 2471 asinus
1893 2421 2022 2473 olim
2068 2422 2244 2475 conie-

216 2504 422 2556 cemm,
471 2488 615 2556 quod
650 2488 702 2540 si
745 2488 809 2541 iu
844 2488 950 2541 H'i
991 2490 1268 2557 scriptwra
1317 2506 1465 2542 nunc
1504 2489 1619 2542 scio
1659 2491 1812 2557 latet,
1859 2492 2031 2545 teucri
2066 2500 2246 2560 potest

215 2557 385 2625 quasi
421 2558 632 2611 asinus*
653 2557 910 2612 eccillam
944 2561 1109 2629 urget
1143 2577 1256 2614 που
1290 2561 1537 2627 sufficere
1575 2561 1791 2615 videtur
1952 2568 1983 2614 2
2021 2561 2104 2616 ita
2141 2581 2240 2618 om.

216 2630 377 2682 H1P
517 2628 709 2682 simitu
748 2631 861 2698 (sed
895 2632 1044 2697 falsa
1079 2634 1355 2700 mensura)
1392 2632 1630 2686 Bothius
1675 2631 1844 2684 simul
1880 2653 1923 2685 ω
2079 2634 2246 2688 molit

215 2701 430 2755 anius
469 2699 647 2754 molet
682 2721 724 2753 ω
873 2702 1096 2756 ‘Velata
1130 2704 1305 2769 sacie’
1347 2710 1397 2757 et
1437 2704 1760 2757 ‘luminibus
1796 2704 2041 2758 obtectis’
2082 2707 2246 2761 etiam

212 2774 373 2841 apud
398 2772 699 2841 Apuleium
725 2779 934 2826 metam.
955 2774 1056 2827 IX
1078 2778 1141 2826 11
1173 2776 1365 2828 asinus
1401 2775 1477 2828 ad
1511 2776 1819 2828 molendum
1854 2777 2247 2848 circumagitur

1195 2978 1257 3035 H

213 3125 231 3142 .
325 3128 338 3140 .
434 3128 446 3140 .
541 3127 553 3140 .
648 3128 660 3140 .
754 3077 980 3142 domus
1026 3077 1182 3142 haec
1227 3080 1425 3143 feruilz
1470 3080 1694 3165 flagiti.

358 3206 576 3261 Nonius
615 3214 734 3275 498,
774 3214 808 3260 4
849 3208 1246 3277 ‘genetiuus
1291 3209 1510 3278 positus
1555 3228 1657 3279 pro
1706 3211 1961 3266 ablatiuo
2003 3213 2097 3266 uel
2144 3215 2241 3267 ad.-

211 3277 469 3331 uerbium
517 3278 631 3333 loci
678 3321 690 3333 .
723 3322 733 3331 .
768 3323 778 3333 .
825 3279 1165 3349 Pomp-onius
1207 3280 1402 3349 Pappo
1450 3281 1725 3351 agricola:
1775 3284 1993 3337 domus’
2036 3301 2081 3338 e.
2114 3303 2163 3353 q.
2196 3303 2237 3339 s.

214 3349 666 3489 {53³0ng
689 3349 934 3404 ‘seruit
996 3368 1097 3420 pro
1153 3350 1336 3405 feruet
1550 3353 1891 3423 Pomponius
1946 3355 2237 3425 Agricola:

355 3526 527 3581 fuerit
562 3527 768 3597 flagitii
807 3530 863 3583 P
885 3547 945 3599 p.
978 3534 1082 3583 503
1125 3529 1297 3583 fuerit
1333 3529 1534 3599 placiti
1571 3531 1832 3600 (plauciti
1863 3534 1932 3601 0)
1969 3554 2012 3586 ω
2042 3552 2101 3603 p.
2134 3540 2235 3588 498

319 3628 480 3668 Senon.
500 3639 623 3676 poen.
642 3628 770 3669 Rom.
791 3628 951 3678 fragm.
973 3630 1041 3671 ed..
1060 3631 1291 3670 Ruumcx.
1321 3630 1381 3671 Π.
1851 3627 1915 3674 19
