<?xml version="1.0" encoding="UTF-8"?>
<!DOCTYPE html PUBLIC "-//W3C//DTD XHTML 1.0 Transitional//EN"
    "http://www.w3.org/TR/xhtml1/DTD/xhtml1-transitional.dtd">
<html xmlns="http://www.w3.org/1999/xhtml" xml:lang="en" lang="en">
 <head>
  <title>
</title>
<meta http-equiv="Content-Type" content="text/html;charset=utf-8" />
  <meta name='ocr-system' content='tesseract 3.04.00' />
  <meta name='ocr-capabilities' content='ocr_page ocr_carea ocr_par ocr_line ocrx_word'/>
</head>
<body>
  <div class='ocr_page' id='page_1' title='image "./scaenicaeromano09ribbgoog_0012.png"; bbox 0 0 2610 4007; ppageno 0'>
   <div class='ocr_carea' id='block_1_1' title="bbox 445 207 1652 264">
    <p class='ocr_par' dir='ltr' id='par_1_1' title="bbox 445 207 1652 264">
     <span class='ocr_line' id='line_1_1' title="bbox 445 207 1652 264; baseline -0.001 0"><span class='ocrx_word' id='word_1_1' title='bbox 445 210 574 264; x_wconf 87' lang='lat' dir='ltr'>VIII</span> <span class='ocrx_word' id='word_1_2' title='bbox 1242 207 1652 263; x_wconf 85' lang='lat' dir='ltr'>PRAEFATIO</span> 
     </span>
    </p>
   </div>
   <div class='ocr_carea' id='block_1_2' title="bbox 445 376 2456 720">
    <p class='ocr_par' dir='ltr' id='par_1_2' title="bbox 445 376 2456 720">
     <span class='ocr_line' id='line_1_2' title="bbox 448 376 2456 455; baseline 0 -18"><span class='ocrx_word' id='word_1_3' title='bbox 448 377 753 437; x_wconf 80' lang='lat' dir='ltr'><strong>adsidente</strong></span> <span class='ocrx_word' id='word_1_4' title='bbox 793 377 855 435; x_wconf 89' lang='lat' dir='ltr'><strong>in</strong></span> <span class='ocrx_word' id='word_1_5' title='bbox 893 377 1228 455; x_wconf 85' lang='lat' dir='ltr'><strong>theologeio</strong></span> <span class='ocrx_word' id='word_1_6' title='bbox 1269 377 1410 437; x_wconf 85' lang='lat' dir='ltr'><strong>Iove</strong></span> <span class='ocrx_word' id='word_1_7' title='bbox 1455 376 1612 436; x_wconf 90' lang='lat' dir='ltr'><strong>inter</strong></span> <span class='ocrx_word' id='word_1_8' title='bbox 1645 376 1974 436; x_wconf 86' lang='lat' dir='ltr'><strong>Minervam</strong></span> <span class='ocrx_word' id='word_1_9' title='bbox 2010 381 2071 436; x_wconf 91' lang='lat' dir='ltr'><strong>et</strong></span> <span class='ocrx_word' id='word_1_10' title='bbox 2105 377 2456 438; x_wconf 76' lang='lat' dir='ltr'>Victoriam.</span> 
     </span>
     <span class='ocr_line' id='line_1_3' title="bbox 445 464 2456 543; baseline -0 -18"><span class='ocrx_word' id='word_1_11' title='bbox 445 466 632 543; x_wconf 89' lang='lat' dir='ltr'>priori</span> <span class='ocrx_word' id='word_1_12' title='bbox 676 465 877 526; x_wconf 85' lang='lat' dir='ltr'><strong>versui</strong></span> <span class='ocrx_word' id='word_1_13' title='bbox 924 485 1077 542; x_wconf 90' lang='lat' dir='ltr'><strong>quae</strong></span> <span class='ocrx_word' id='word_1_14' title='bbox 1134 465 1502 541; x_wconf 85' lang='lat' dir='ltr'><strong>subscriptae</strong></span> <span class='ocrx_word' id='word_1_15' title='bbox 1550 467 1755 524; x_wconf 82' lang='lat' dir='ltr'><strong>extant</strong></span> <span class='ocrx_word' id='word_1_16' title='bbox 1800 464 1959 525; x_wconf 73' lang='lat' dir='ltr'><strong>TOR‘</strong></span> <span class='ocrx_word' id='word_1_17' title='bbox 2003 465 2235 524; x_wconf 75' lang='lat' dir='ltr'><strong>litteras</strong></span> <span class='ocrx_word' id='word_1_18' title='bbox 2281 466 2331 524; x_wconf 91' lang='lat' dir='ltr'><strong>si</strong></span> <span class='ocrx_word' id='word_1_19' title='bbox 2381 467 2456 524; x_wconf 90' lang='lat' dir='ltr'><strong>li-</strong></span> 
     </span>
     <span class='ocr_line' id='line_1_4' title="bbox 447 553 2456 630; baseline 0 -16"><span class='ocrx_word' id='word_1_20' title='bbox 447 558 608 615; x_wconf 90' lang='lat' dir='ltr'><strong>ceret</strong></span> <span class='ocrx_word' id='word_1_21' title='bbox 668 554 744 613; x_wconf 85' lang='lat' dir='ltr'><strong>ad</strong></span> <span class='ocrx_word' id='word_1_22' title='bbox 807 554 1201 630; x_wconf 86' lang='lat' dir='ltr'><strong>supplendum</strong></span> <span class='ocrx_word' id='word_1_23' title='bbox 1257 573 1294 613; x_wconf 86' lang='lat' dir='ltr'><strong>a</strong></span> <span class='ocrx_word' id='word_1_24' title='bbox 1349 553 1591 612; x_wconf 90' lang='lat' dir='ltr'><strong>sinistra</strong></span> <span class='ocrx_word' id='word_1_25' title='bbox 1650 556 1820 629; x_wconf 88' lang='lat' dir='ltr'><strong>parte</strong></span> <span class='ocrx_word' id='word_1_26' title='bbox 1882 554 1987 630; x_wconf 92' lang='lat' dir='ltr'><strong>qui</strong></span> <span class='ocrx_word' id='word_1_27' title='bbox 2042 553 2288 613; x_wconf 83' lang='lat' dir='ltr'><strong>Herculi</strong></span> <span class='ocrx_word' id='word_1_28' title='bbox 2351 555 2456 614; x_wconf 87' lang='lat' dir='ltr'><strong>ad-</strong></span> 
     </span>
     <span class='ocr_line' id='line_1_5' title="bbox 450 641 2359 720; baseline -0.001 -18"><span class='ocrx_word' id='word_1_29' title='bbox 450 643 684 719; x_wconf 88' lang='lat' dir='ltr'><strong>positus</strong></span> <span class='ocrx_word' id='word_1_30' title='bbox 732 645 824 702; x_wconf 90' lang='lat' dir='ltr'><strong>est</strong></span> <span class='ocrx_word' id='word_1_31' title='bbox 868 643 1160 720; x_wconf 87' lang='lat' dir='ltr'><strong>adhibere,</strong></span> <span class='ocrx_word' id='word_1_32' title='bbox 1207 642 1383 702; x_wconf 86' lang='lat' dir='ltr'><strong>facile</strong></span> <span class='ocrx_word' id='word_1_33' title='bbox 1428 642 1730 720; x_wconf 87' lang='lat' dir='ltr'><strong>integrum</strong></span> <span class='ocrx_word' id='word_1_34' title='bbox 1775 641 1943 702; x_wconf 89' lang='lat' dir='ltr'><strong>fieret</strong></span> <span class='ocrx_word' id='word_1_35' title='bbox 1985 661 2359 719; x_wconf 84' lang='lat' dir='ltr'><strong>responsum:</strong></span> 
     </span>
    </p>
   </div>
   <div class='ocr_carea' id='block_1_3' title="bbox 1048 741 1854 822">
    <p class='ocr_par' dir='ltr' id='par_1_3' title="bbox 1048 741 1854 822">
     <span class='ocr_line' id='line_1_6' title="bbox 1048 741 1854 822; baseline 0.001 -15"><span class='ocrx_word' id='word_1_36' title='bbox 1048 741 1360 808; x_wconf 75' lang='lat' dir='ltr'><strong>Vltorem?</strong></span> <span class='ocrx_word' id='word_1_37' title='bbox 1413 748 1608 808; x_wconf 76' lang='lat' dir='ltr'><strong>virtus</strong></span> <span class='ocrx_word' id='word_1_38' title='bbox 1656 766 1699 807; x_wconf 88' lang='lat' dir='ltr'><strong>e.</strong></span> <span class='ocrx_word' id='word_1_39' title='bbox 1730 767 1780 822; x_wconf 80' lang='lat' dir='ltr'><strong>q.</strong></span> <span class='ocrx_word' id='word_1_40' title='bbox 1808 767 1854 808; x_wconf 78' lang='lat' dir='ltr'><strong>s,</strong></span> 
     </span>
    </p>
   </div>
   <div class='ocr_carea' id='block_1_4' title="bbox 446 855 2456 1727">
    <p class='ocr_par' dir='ltr' id='par_1_4' title="bbox 446 855 2456 1642">
     <span class='ocr_line' id='line_1_7' title="bbox 446 855 2455 934; baseline 0 -20"><span class='ocrx_word' id='word_1_41' title='bbox 446 856 888 934; x_wconf 70' lang='lat' dir='ltr'><strong>Argumentum</strong></span> <span class='ocrx_word' id='word_1_42' title='bbox 960 873 1205 914; x_wconf 88' lang='lat' dir='ltr'><strong>scaenae</strong></span> <span class='ocrx_word' id='word_1_43' title='bbox 1277 855 1667 931; x_wconf 71' lang='lat' dir='ltr'><strong>probabiliter</strong></span> <span class='ocrx_word' id='word_1_44' title='bbox 1729 855 2022 915; x_wconf 83' lang='lat' dir='ltr'><strong>divinavit</strong></span> <span class='ocrx_word' id='word_1_45' title='bbox 2083 856 2455 915; x_wconf 84' lang='lat' dir='ltr'><strong>Froehnerus</strong></span> 
     </span>
     <span class='ocr_line' id='line_1_8' title="bbox 447 942 2453 1020; baseline 0 -18"><span class='ocrx_word' id='word_1_46' title='bbox 447 944 661 1005; x_wconf 88' lang='lat' dir='ltr'><strong>Philol.</strong></span> <span class='ocrx_word' id='word_1_47' title='bbox 710 943 917 1020; x_wconf 86' lang='lat' dir='ltr'><strong>Suppl.</strong></span> <span class='ocrx_word' id='word_1_48' title='bbox 954 944 1010 1002; x_wconf 92' lang='lat' dir='ltr'><strong>V</strong></span> <span class='ocrx_word' id='word_1_49' title='bbox 1057 947 1159 1004; x_wconf 84' lang='lat'><strong>25.</strong></span> <span class='ocrx_word' id='word_1_50' title='bbox 1250 942 1444 1003; x_wconf 88' lang='lat' dir='ltr'><strong>Occisi</strong></span> <span class='ocrx_word' id='word_1_51' title='bbox 1498 944 1781 1003; x_wconf 89' lang='lat' dir='ltr'><strong>nimirum</strong></span> <span class='ocrx_word' id='word_1_52' title='bbox 1836 944 1910 1002; x_wconf 85' lang='lat' dir='ltr'><strong>ab</strong></span> <span class='ocrx_word' id='word_1_53' title='bbox 1962 943 2218 1004; x_wconf 82' lang='lat' dir='ltr'><strong>Hercule</strong></span> <span class='ocrx_word' id='word_1_54' title='bbox 2266 942 2453 1020; x_wconf 83' lang='lat' dir='ltr'><strong>Cycni</strong></span> 
     </span>
     <span class='ocr_line' id='line_1_9' title="bbox 448 1032 2453 1110; baseline 0 -18"><span class='ocrx_word' id='word_1_55' title='bbox 448 1033 593 1092; x_wconf 93' lang='lat' dir='ltr'><strong>dum</strong></span> <span class='ocrx_word' id='word_1_56' title='bbox 627 1032 918 1092; x_wconf 87' lang='lat' dir='ltr'><strong>ultionem</strong></span> <span class='ocrx_word' id='word_1_57' title='bbox 960 1032 1155 1108; x_wconf 89' lang='lat' dir='ltr'><strong>poscit</strong></span> <span class='ocrx_word' id='word_1_58' title='bbox 1187 1032 1348 1091; x_wconf 86' lang='lat' dir='ltr'><strong>Mars</strong></span> <span class='ocrx_word' id='word_1_59' title='bbox 1392 1034 1579 1110; x_wconf 86' lang='lat' dir='ltr'><strong>pater,</strong></span> <span class='ocrx_word' id='word_1_60' title='bbox 1624 1032 1935 1110; x_wconf 84' lang='lat' dir='ltr'><strong>litigantes</strong></span> <span class='ocrx_word' id='word_1_61' title='bbox 1979 1032 2228 1092; x_wconf 88' lang='lat' dir='ltr'><strong>fulmine</strong></span> <span class='ocrx_word' id='word_1_62' title='bbox 2271 1033 2453 1093; x_wconf 90' lang='lat' dir='ltr'><strong>misso</strong></span> 
     </span>
     <span class='ocr_line' id='line_1_10' title="bbox 449 1112 2454 1202; baseline 0 -23"><span class='ocrx_word' id='word_1_63' title='bbox 449 1121 676 1180; x_wconf 84' lang='lat' dir='ltr'><strong>dirimit</strong></span> <span class='ocrx_word' id='word_1_64' title='bbox 727 1121 1000 1197; x_wconf 86' lang='lat' dir='ltr'><strong>Iuppiter</strong></span> <span class='ocrx_word' id='word_1_65' title='bbox 1059 1112 1160 1202; x_wconf 85' lang='lat' dir='ltr'><strong>(cf.</strong></span> <span class='ocrx_word' id='word_1_66' title='bbox 1210 1125 1360 1182; x_wconf 87' lang='lat' dir='ltr'><strong>scut.</strong></span> <span class='ocrx_word' id='word_1_67' title='bbox 1403 1120 1575 1180; x_wconf 92' lang='lat' dir='ltr'><strong>Herc.</strong></span> <span class='ocrx_word' id='word_1_68' title='bbox 1627 1123 1753 1181; x_wconf 81' lang='lat'><strong>327</strong></span> <span class='ocrx_word' id='word_1_69' title='bbox 1789 1113 1963 1202; x_wconf 75' lang='lat' dir='ltr'><strong>sqq).</strong></span> <span class='ocrx_word' id='word_1_70' title='bbox 2061 1140 2215 1197; x_wconf 90' lang='lat' dir='ltr'><strong>quae</strong></span> <span class='ocrx_word' id='word_1_71' title='bbox 2269 1121 2454 1180; x_wconf 88' lang='lat' dir='ltr'><strong>inter—</strong></span> 
     </span>
     <span class='ocr_line' id='line_1_11' title="bbox 446 1208 2453 1288; baseline -0 -19"><span class='ocrx_word' id='word_1_72' title='bbox 446 1210 705 1286; x_wconf 87' lang='lat' dir='ltr'><strong>pretatio</strong></span> <span class='ocrx_word' id='word_1_73' title='bbox 762 1229 899 1269; x_wconf 92' lang='lat' dir='ltr'><strong>cum</strong></span> <span class='ocrx_word' id='word_1_74' title='bbox 953 1209 1205 1286; x_wconf 89' lang='lat' dir='ltr'><strong>quadret</strong></span> <span class='ocrx_word' id='word_1_75' title='bbox 1264 1209 1341 1268; x_wconf 85' lang='lat' dir='ltr'><strong>ad</strong></span> <span class='ocrx_word' id='word_1_76' title='bbox 1399 1210 1707 1286; x_wconf 85' lang='lat' dir='ltr'><strong>amussim,</strong></span> <span class='ocrx_word' id='word_1_77' title='bbox 1773 1208 2092 1269; x_wconf 88' lang='lat' dir='ltr'><strong>dolendum</strong></span> <span class='ocrx_word' id='word_1_78' title='bbox 2148 1229 2286 1270; x_wconf 89' lang='lat' dir='ltr'><strong>sane</strong></span> <span class='ocrx_word' id='word_1_79' title='bbox 2343 1213 2453 1288; x_wconf 87' lang='lat' dir='ltr'><strong>est,</strong></span> 
     </span>
     <span class='ocr_line' id='line_1_12' title="bbox 448 1297 2456 1376; baseline 0 -20"><span class='ocrx_word' id='word_1_80' title='bbox 448 1298 518 1357; x_wconf 91' lang='lat' dir='ltr'><strong>de</strong></span> <span class='ocrx_word' id='word_1_81' title='bbox 563 1298 783 1357; x_wconf 89' lang='lat' dir='ltr'><strong>Latina</strong></span> <span class='ocrx_word' id='word_1_82' title='bbox 835 1298 1015 1356; x_wconf 90' lang='lat' dir='ltr'><strong>huius</strong></span> <span class='ocrx_word' id='word_1_83' title='bbox 1071 1297 1410 1375; x_wconf 86' lang='lat' dir='ltr'><strong>argumenti</strong></span> <span class='ocrx_word' id='word_1_84' title='bbox 1462 1297 1772 1376; x_wconf 89' lang='lat' dir='ltr'><strong>tragoedia</strong></span> <span class='ocrx_word' id='word_1_85' title='bbox 1821 1297 2145 1376; x_wconf 76' lang='lat' dir='ltr'><strong>vestigium</strong></span> <span class='ocrx_word' id='word_1_86' title='bbox 2195 1299 2456 1357; x_wconf 88' lang='lat' dir='ltr'><strong>alterum</strong></span> 
     </span>
     <span class='ocr_line' id='line_1_13' title="bbox 452 1385 2455 1462; baseline 0 -16"><span class='ocrx_word' id='word_1_87' title='bbox 452 1406 570 1446; x_wconf 94' lang='lat' dir='ltr'><strong>non</strong></span> <span class='ocrx_word' id='word_1_88' title='bbox 619 1390 834 1446; x_wconf 87' lang='lat' dir='ltr'><strong>extare.</strong></span> <span class='ocrx_word' id='word_1_89' title='bbox 915 1386 1305 1462; x_wconf 83' lang='lat' dir='ltr'><strong>Aeschyleam</strong></span> <span class='ocrx_word' id='word_1_90' title='bbox 1353 1385 1594 1462; x_wconf 89' lang='lat' dir='ltr'><strong>quidem</strong></span> <span class='ocrx_word' id='word_1_91' title='bbox 1637 1404 1950 1461; x_wconf 86' lang='lat' dir='ltr'><strong>personam</strong></span> <span class='ocrx_word' id='word_1_92' title='bbox 1989 1385 2253 1462; x_wconf 83' lang='lat' dir='ltr'><strong>Cycnum</strong></span> <span class='ocrx_word' id='word_1_93' title='bbox 2298 1388 2455 1446; x_wconf 89' lang='lat' dir='ltr'><strong>teste</strong></span> 
     </span>
     <span class='ocr_line' id='line_1_14' title="bbox 448 1474 2455 1552; baseline -0.001 -18"><span class='ocrx_word' id='word_1_94' title='bbox 448 1475 850 1552; x_wconf 87' lang='lat' dir='ltr'><strong>Aristophane</strong></span> <span class='ocrx_word' id='word_1_95' title='bbox 893 1493 1018 1533; x_wconf 89' lang='lat' dir='ltr'><strong>ran.</strong></span> <span class='ocrx_word' id='word_1_96' title='bbox 1060 1476 1185 1535; x_wconf 89' lang='grc'><strong>963</strong></span> <span class='ocrx_word' id='word_1_97' title='bbox 1233 1474 1535 1552; x_wconf 81' lang='lat' dir='ltr'><strong>novimus,</strong></span> <span class='ocrx_word' id='word_1_98' title='bbox 1594 1475 1655 1532; x_wconf 93' lang='lat' dir='ltr'><strong>et</strong></span> <span class='ocrx_word' id='word_1_99' title='bbox 1698 1476 1958 1533; x_wconf 84' lang='lat' dir='ltr'><strong>veterem</strong></span> <span class='ocrx_word' id='word_1_100' title='bbox 2003 1476 2243 1550; x_wconf 89' lang='lat' dir='ltr'><strong>poetam</strong></span> <span class='ocrx_word' id='word_1_101' title='bbox 2287 1474 2455 1532; x_wconf 88' lang='lat' dir='ltr'><strong>Lati-</strong></span> 
     </span>
     <span class='ocr_line' id='line_1_15' title="bbox 450 1558 2073 1642; baseline -0.001 -20"><span class='ocrx_word' id='word_1_102' title='bbox 450 1583 596 1623; x_wconf 89' lang='lat' dir='ltr'><strong>num</strong></span> <span class='ocrx_word' id='word_1_103' title='bbox 644 1566 908 1642; x_wconf 86' lang='lat' dir='ltr'><strong>arguunt</strong></span> <span class='ocrx_word' id='word_1_104' title='bbox 953 1563 1198 1639; x_wconf 87' lang='lat' dir='ltr'><strong>spondei</strong></span> <span class='ocrx_word' id='word_1_105' title='bbox 1241 1562 1486 1638; x_wconf 86' lang='lat' dir='ltr'><strong>paribus</strong></span> <span class='ocrx_word' id='word_1_106' title='bbox 1532 1558 1767 1621; x_wconf 86' lang='lat' dir='ltr'><strong>sedibus</strong></span> <span class='ocrx_word' id='word_1_107' title='bbox 1813 1562 2073 1621; x_wconf 88' lang='lat' dir='ltr'><strong>admissi.</strong></span> 
     </span>
    </p>

    <p class='ocr_par' dir='ltr' id='par_1_5' title="bbox 583 1649 2452 1727">
     <span class='ocr_line' id='line_1_16' title="bbox 583 1649 2452 1727; baseline -0.002 -14"><span class='ocrx_word' id='word_1_108' title='bbox 583 1651 845 1713; x_wconf 85' lang='lat' dir='ltr'><strong>Omissas</strong></span> <span class='ocrx_word' id='word_1_109' title='bbox 881 1651 1077 1711; x_wconf 89' lang='lat' dir='ltr'><strong>nescio</strong></span> <span class='ocrx_word' id='word_1_110' title='bbox 1115 1670 1192 1710; x_wconf 88' lang='lat' dir='ltr'><strong>an</strong></span> <span class='ocrx_word' id='word_1_111' title='bbox 1228 1651 1422 1708; x_wconf 85' lang='lat' dir='ltr'><strong>futuri</strong></span> <span class='ocrx_word' id='word_1_112' title='bbox 1460 1650 1580 1710; x_wconf 87' lang='lat' dir='ltr'><strong>sint</strong></span> <span class='ocrx_word' id='word_1_113' title='bbox 1617 1649 1721 1726; x_wconf 90' lang='lat' dir='ltr'><strong>qui</strong></span> <span class='ocrx_word' id='word_1_114' title='bbox 1759 1652 2088 1725; x_wconf 86' lang='lat' dir='ltr'><strong>querantur</strong></span> <span class='ocrx_word' id='word_1_115' title='bbox 2124 1650 2260 1725; x_wconf 81' lang='lat' dir='ltr'><strong>Syri</strong></span> <span class='ocrx_word' id='word_1_116' title='bbox 2298 1669 2452 1727; x_wconf 89' lang='lat' dir='ltr'><strong>quae</strong></span> 
     </span>
    </p>
   </div>
   <div class='ocr_carea' id='block_1_5' title="bbox 447 1739 2554 1816">
    <p class='ocr_par' dir='ltr' id='par_1_6' title="bbox 447 1739 2554 1816">
     <span class='ocr_line' id='line_1_17' title="bbox 447 1739 2554 1816; baseline -0.003 -17"><span class='ocrx_word' id='word_1_117' title='bbox 447 1742 725 1800; x_wconf 86' lang='lat' dir='ltr'><strong>feruntur</strong></span> <span class='ocrx_word' id='word_1_118' title='bbox 769 1739 1109 1800; x_wconf 83' lang='lat' dir='ltr'><strong>sententias,</strong></span> <span class='ocrx_word' id='word_1_119' title='bbox 1200 1739 1302 1798; x_wconf 89' lang='lat' dir='ltr'><strong>sed</strong></span> <span class='ocrx_word' id='word_1_120' title='bbox 1346 1739 1504 1798; x_wconf 89' lang='lat' dir='ltr'><strong>hunc</strong></span> <span class='ocrx_word' id='word_1_121' title='bbox 1550 1757 1762 1816; x_wconf 85' lang='lat' dir='ltr'><strong>agrum</strong></span> <span class='ocrx_word' id='word_1_122' title='bbox 1806 1757 1959 1798; x_wconf 84' lang='lat' dir='ltr'><strong>novo</strong></span> <span class='ocrx_word' id='word_1_123' title='bbox 2006 1740 2314 1797; x_wconf 87' lang='lat' dir='ltr'><strong>conamine</strong></span> <span class='ocrx_word' id='word_1_124' title='bbox 2360 1758 2452 1797; x_wconf 89' lang='lat' dir='ltr'><strong>re·</strong></span> <span class='ocrx_word' id='word_1_125' title='bbox 2551 1792 2554 1793; x_wconf 10' lang='grc' dir='ltr'><em>γ</em></span> 
     </span>
    </p>
   </div>
   <div class='ocr_carea' id='block_1_6' title="bbox 444 1825 2455 2260">
    <p class='ocr_par' dir='ltr' id='par_1_7' title="bbox 444 1825 2455 2260">
     <span class='ocr_line' id='line_1_18' title="bbox 444 1825 2455 1906; baseline -0.001 -18"><span class='ocrx_word' id='word_1_126' title='bbox 444 1829 786 1906; x_wconf 86' lang='lat' dir='ltr'><strong>pastinandi</strong></span> <span class='ocrx_word' id='word_1_127' title='bbox 841 1847 1023 1887; x_wconf 85' lang='lat' dir='ltr'><strong>causa</strong></span> <span class='ocrx_word' id='word_1_128' title='bbox 1077 1828 1244 1886; x_wconf 89' lang='lat' dir='ltr'><strong>nulla</strong></span> <span class='ocrx_word' id='word_1_129' title='bbox 1296 1827 1428 1887; x_wconf 86' lang='lat' dir='ltr'><strong>visa</strong></span> <span class='ocrx_word' id='word_1_130' title='bbox 1482 1830 1587 1887; x_wconf 89' lang='lat' dir='ltr'><strong>est.</strong></span> <span class='ocrx_word' id='word_1_131' title='bbox 1688 1827 1893 1904; x_wconf 77' lang='lat' dir='ltr'><strong>itaque</strong></span> <span class='ocrx_word' id='word_1_132' title='bbox 1948 1825 2210 1885; x_wconf 90' lang='lat' dir='ltr'><strong>laborem</strong></span> <span class='ocrx_word' id='word_1_133' title='bbox 2271 1845 2455 1901; x_wconf 90' lang='lat' dir='ltr'><strong>quem</strong></span> 
     </span>
     <span class='ocr_line' id='line_1_19' title="bbox 444 1914 2453 1994; baseline -0.001 -19"><span class='ocrx_word' id='word_1_134' title='bbox 444 1917 676 1977; x_wconf 85' lang='lat' dir='ltr'><strong>iuvenis</strong></span> <span class='ocrx_word' id='word_1_135' title='bbox 713 1917 933 1976; x_wconf 85' lang='lat' dir='ltr'><strong>umeris</strong></span> <span class='ocrx_word' id='word_1_136' title='bbox 970 1916 1354 1976; x_wconf 89' lang='lat' dir='ltr'><strong>debilioribus</strong></span> <span class='ocrx_word' id='word_1_137' title='bbox 1389 1915 1645 1994; x_wconf 85' lang='lat' dir='ltr'><strong>inposui,</strong></span> <span class='ocrx_word' id='word_1_138' title='bbox 1692 1918 1824 1974; x_wconf 91' lang='lat' dir='ltr'><strong>tum</strong></span> <span class='ocrx_word' id='word_1_139' title='bbox 1859 1914 2077 1994; x_wconf 83' lang='lat' dir='ltr'><strong>viginti</strong></span> <span class='ocrx_word' id='word_1_140' title='bbox 2117 1914 2238 1973; x_wconf 89' lang='lat' dir='ltr'><strong>fere</strong></span> <span class='ocrx_word' id='word_1_141' title='bbox 2278 1914 2453 1973; x_wconf 89' lang='lat' dir='ltr'><strong>annis</strong></span> 
     </span>
     <span class='ocr_line' id='line_1_20' title="bbox 446 2001 2451 2082; baseline -0.003 -16"><span class='ocrx_word' id='word_1_142' title='bbox 446 2006 739 2066; x_wconf 90' lang='lat' dir='ltr'><strong>maturior</strong></span> <span class='ocrx_word' id='word_1_143' title='bbox 791 2007 987 2066; x_wconf 88' lang='lat' dir='ltr'><strong>factus</strong></span> <span class='ocrx_word' id='word_1_144' title='bbox 1042 2006 1262 2065; x_wconf 90' lang='lat' dir='ltr'><strong>iterum</strong></span> <span class='ocrx_word' id='word_1_145' title='bbox 1316 2006 1600 2082; x_wconf 88' lang='lat' dir='ltr'><strong>sustinui,</strong></span> <span class='ocrx_word' id='word_1_146' title='bbox 1658 2003 1781 2064; x_wconf 90' lang='lat' dir='ltr'><strong>iam</strong></span> <span class='ocrx_word' id='word_1_147' title='bbox 1832 2005 1964 2081; x_wconf 86' lang='lat' dir='ltr'><strong>pari</strong></span> <span class='ocrx_word' id='word_1_148' title='bbox 2018 2001 2211 2079; x_wconf 89' lang='lat' dir='ltr'><strong>spatio</strong></span> <span class='ocrx_word' id='word_1_149' title='bbox 2268 2001 2451 2061; x_wconf 87' lang='lat' dir='ltr'><strong>inter-</strong></span> 
     </span>
     <span class='ocr_line' id='line_1_21' title="bbox 447 2092 2451 2172; baseline -0.003 -17"><span class='ocrx_word' id='word_1_150' title='bbox 447 2096 625 2155; x_wconf 88' lang='lat' dir='ltr'><strong>misso</strong></span> <span class='ocrx_word' id='word_1_151' title='bbox 674 2115 848 2155; x_wconf 85' lang='lat' dir='ltr'><strong>senex</strong></span> <span class='ocrx_word' id='word_1_152' title='bbox 892 2095 1098 2154; x_wconf 85' lang='lat' dir='ltr'><strong>futuro</strong></span> <span class='ocrx_word' id='word_1_153' title='bbox 1147 2095 1408 2172; x_wconf 85' lang='lat' dir='ltr'><strong>saecu10,</strong></span> <span class='ocrx_word' id='word_1_154' title='bbox 1465 2094 1517 2153; x_wconf 88' lang='lat' dir='ltr'><strong>si</strong></span> <span class='ocrx_word' id='word_1_155' title='bbox 1569 2094 1661 2153; x_wconf 89' lang='lat' dir='ltr'><strong>his</strong></span> <span class='ocrx_word' id='word_1_156' title='bbox 1712 2094 1775 2152; x_wconf 89' lang='lat' dir='ltr'><strong>in</strong></span> <span class='ocrx_word' id='word_1_157' title='bbox 1821 2092 2162 2170; x_wconf 88' lang='lat' dir='ltr'><strong>quisquiliis</strong></span> <span class='ocrx_word' id='word_1_158' title='bbox 2209 2109 2451 2167; x_wconf 88' lang='lat' dir='ltr'><strong>operam</strong></span> 
     </span>
     <span class='ocr_line' id='line_1_22' title="bbox 457 2182 1966 2260; baseline -0.001 -17"><span class='ocrx_word' id='word_1_159' title='bbox 457 2203 800 2244; x_wconf 87' lang='lat' dir='ltr'><strong>consumere</strong></span> <span class='ocrx_word' id='word_1_160' title='bbox 846 2183 1029 2244; x_wconf 88' lang='lat' dir='ltr'><strong>etiam</strong></span> <span class='ocrx_word' id='word_1_161' title='bbox 1073 2183 1321 2260; x_wconf 84' lang='lat' dir='ltr'><strong>iuvabit,</strong></span> <span class='ocrx_word' id='word_1_162' title='bbox 1366 2184 1560 2242; x_wconf 88' lang='lat' dir='ltr'><strong>laetus</strong></span> <span class='ocrx_word' id='word_1_163' title='bbox 1606 2182 1966 2241; x_wconf 78' lang='lat' dir='ltr'><strong>transmitto,</strong></span> 
     </span>
    </p>
   </div>
   <div class='ocr_carea' id='block_1_7' title="bbox 584 2304 2115 2367">
    <p class='ocr_par' dir='ltr' id='par_1_8' title="bbox 584 2304 2115 2367">
     <span class='ocr_line' id='line_1_23' title="bbox 584 2304 2115 2367; baseline -0.001 0"><span class='ocrx_word' id='word_1_164' title='bbox 584 2308 817 2367; x_wconf 85' lang='lat' dir='ltr'><strong>Dabam</strong></span> <span class='ocrx_word' id='word_1_165' title='bbox 861 2307 1075 2367; x_wconf 90' lang='lat' dir='ltr'><strong>ultimo</strong></span> <span class='ocrx_word' id='word_1_166' title='bbox 1123 2307 1216 2367; x_wconf 91' lang='lat' dir='ltr'><strong>die</strong></span> <span class='ocrx_word' id='word_1_167' title='bbox 1265 2307 1406 2366; x_wconf 86' lang='lat' dir='ltr'><strong>anni</strong></span> <span class='ocrx_word' id='word_1_168' title='bbox 1450 2304 2115 2366; x_wconf 84' lang='lat' dir='ltr'>MDCCCLXXXXVII.</span> 
     </span>
    </p>
   </div>
  </div>
 </body>
</html>
