2610 4007
825 798 1472 884 PRAEFATIO

261 1088 644 1149 Adornandis
681 1087 1043 1147 comicorum
1076 1092 1408 1165 poetarum,
1448 1107 1599 1163 quos
1630 1090 1769 1163 post
1795 1088 1937 1147 anni
1972 1089 2156 1148 inter-

143 1179 370 1238 vallum
407 1177 670 1255 tragicos
717 1175 887 1251 sequi
930 1176 1113 1253 volui,
1158 1176 1430 1251 reliquiis
1471 1175 1860 1236 utilissimum
1906 1177 2153 1237 accessit

143 1267 556 1325 adiumentum
600 1264 964 1324 liberalitate
1008 1264 1126 1324 viri
1170 1264 1497 1324 doctissimi
1541 1265 1634 1322 W.
1672 1265 1953 1324 WARNER
1999 1264 2151 1326 Oxo-

142 1354 377 1432 niensiS,
426 1354 535 1430 qui
578 1352 975 1412 intercedente
1011 1353 1141 1413 viro
1188 1353 1524 1413 studiorum
1561 1353 1971 1413 communione
2011 1355 2153 1414 olim

141 1443 286 1502 mihi
308 1442 629 1503 coniuncto
652 1441 741 1499 W.
756 1442 832 1500 M.
848 1441 1127 1499 Lmnsu
1146 1441 1413 1500 defuncti
1437 1441 1614 1500 amici
1637 1441 1733 1500 sui
1750 1443 1807 1500 J.
1823 1442 1899 1500 M.
1920 1441 2153 1503 Omons

143 1531 461 1610 diligentia
498 1532 847 1608 congestum
884 1532 1243 1606 apparatum
1279 1529 1554 1589 criticum
1580 1529 1926 1589 Nonianum
1962 1532 2153 1590 trans-

139 1619 319 1679 misit.
413 1619 620 1694 itaque
675 1617 835 1694 quod
889 1619 1158 1678 codicum
1201 1637 1387 1677 manu
1433 1618 1792 1693 scriptorum
1837 1618 1914 1677 ad
1966 1618 2149 1679 libros

138 1708 323 1768 Nonii
358 1707 671 1783 IV—-XX,
719 1725 873 1782 quae
918 1726 991 1765 ne
1037 1707 1237 1766 ederet
1273 1705 1499 1766 Onions
1536 1706 1757 1766 Parcae
1794 1725 1978 1765 manu
2014 1727 2149 1783 pro-

138 1797 368 1855 hibitus
397 1798 504 1873 est,
530 1794 877 1854 testimonia
896 1795 973 1853 ad
995 1795 1356 1855 comicorum
1375 1795 1588 1854 saltem
1614 1797 1930 1870 poetarum
1955 1796 2152 1854 frusta

137 1883 614 1962 recognoscenda
668 1883 846 1942 licuit
899 1883 1200 1960 adhibere,
1266 1901 1527 1942 summas
1579 1883 1847 1943 virorum
1909 1883 2153 1944 illorum

137 1972 577 2034 benivolentiae
629 1971 818 2032 habeo
873 1971 936 2032 et
988 1990 1102 2051 ago
1157 1971 1402 2051 gratias,
1491 1973 1554 2032 et
1603 1971 1889 2048 quoniam
1931 1973 2042 2033 hac
2087 1973 2151 2032 in

137 2066 311 2138 parte
367 2061 634 2121 nondum
691 2061 957 2139 vulgatis
1010 2079 1157 2120 usus
1211 2079 1347 2119 sum
1391 2060 1601 2138 copiiS,
1656 2060 1913 2139 largiore
1971 2080 2155 2120 manu

140 2150 431 2210 librorum
467 2150 793 2226 scripturas
830 2149 900 2208 de
937 2149 1200 2209 nondum
1236 2150 1524 2209 exhausto
1556 2148 1673 2209 viri
1709 2148 2151 2227 diligentissimi

141 2239 426 2299 thesauro
456 2238 795 2339 deprompsi
827 2256 1011 2314 quam
1047 2258 1117 2297 ex
1153 2237 1405 2314 inpressi
1440 2237 1761 2297 voluminis
1798 2257 1959 2313 penu
1997 2257 2152 2298 com-

140 2327 315 2386 muni
342 2326 489 2385 usui
524 2326 769 2385 iamiam
797 2326 1080 2402 exposito.
1147 2345 1288 2385 nam
1323 2326 1561 2402 plenam
1588 2326 1914 2385 lectionum
1940 2345 2151 2428 conge-

138 2416 292 2475 riem
318 2415 483 2473 intra
508 2414 688 2473 huius
711 2414 992 2475 breviarii
1015 2415 1361 2493 angustias
1353 2433 1698 2475 coacervare
1724 2435 1844 2474 non
1870 2416 2064 2493 magis
2091 2416 2155 2474 in

142 2504 344 2563 animo
384 2506 517 2562 erat
553 2522 736 2579 quam
778 2505 951 2563 vetus
997 2503 1383 2579 proecdoseos
1417 2503 1697 2563 horreum
1731 2503 2152 2582 redintegrare.

273 2592 492 2668 Itaque
562 2591 753 2669 sigla
822 2591 1144 2651 codicum
1205 2592 1700 2651 Nonianorum
1763 2592 1970 2651 eadem
2031 2593 2153 2652 fere

142 2680 363 2757 quibus
414 2678 641 2739 Onions
685 2698 832 2739 usus
877 2682 968 2739 est
1018 2680 1393 2756 frequentius
1438 2680 1501 2737 in
1545 2681 1657 2740 hoc
1700 2680 2003 2740 volumine
2053 2699 2155 2756 ap·

140 2771 359 2844 parent
396 2787 584 2845 quam
627 2768 690 2825 in
734 2767 945 2844 priore.
1020 2787 1273 2844 quorum
1320 2768 1574 2827 indicem
1610 2788 1683 2828 ne
1722 2768 1856 2845 quis
1895 2769 2154 2843 amplius

142 2857 440 2917 desideret
485 2856 585 2916 hic
630 2876 916 2933 exponere
960 2857 1144 2916 volui.
1233 2859 1376 2915 sunt
1421 2858 1624 2915 autem
1669 2857 1840 2917 haec:

887 2971 971 2992 =
1008 2946 1324 3005 Bernensis
1361 2946 1514 3004 alter

887 3060 971 3081 =
1009 3034 1325 3093 Bernensis
1370 3034 1534 3109 prior

750 3121 852 3182 Ba
888 3149 972 3169 =
1010 3121 1463 3201 Bambergensis

805 3209 856 3269 G
889 3237 972 3257 =
1014 3209 1389 3270 Colbertinus

789 3299 851 3357 D
888 3326 972 3346 =
1011 3298 1319 3359 Parisinus

789 3387 853 3445 Ε
887 3413 970 3434 --
1007 3387 1439 3447 Escurialensis

790 3475 854 3533 F
885 3502 968 3523 =
1005 3476 1387 3535 Florentinus

795 3563 850 3623 G
887 3591 970 3612 =
1011 3563 1369 3624 Genevensis
