2610 4007
390 104 522 168 370
855 104 1232 159 PVBLILIVS
1272 104 1504 158 SYRVS
1578 104 1950 158 CATVLLVS

385 268 459 320 sit
494 267 786 335 scriptura.
930 264 1298 319 carbunculas
1346 266 1454 319 Tra
1494 308 1504 318 .
1546 264 1914 318 carbunculos
1952 266 2122 320 Rern.
2274 265 2425 318 scin-

386 336 541 390 tillet
575 336 831 406 probitas
869 352 898 389 e
939 335 1291 389 carbunculis
1323 337 1446 390 Bue
1594 342 1660 389 14
1697 335 1866 390 tollas
1904 338 2110 391 conieci
2229 343 2297 389 15
2337 336 2427 389 in-

388 408 558 462 duere
597 409 754 462 Leid.
794 407 1057 461 inducere
1096 429 1139 477 φ
1287 414 1353 461 16
1391 406 1543 461 linea
1581 408 1738 462 Leid.
1777 407 1908 461 lune
1947 407 2157 476 (lunae)
2195 428 2239 475 φ

1371 576 1435 632 Π

389 674 558 753 Quid
603 678 756 762 ergo
804 676 873 740 in
918 680 1141 740 uentre
1186 678 1358 760 parti
1405 676 1734 741 sarabaras
1781 680 1893 741 tuo

391 782 852 867 Suspenderit‘?

279 874 350 922 ²⁰
529 905 774 958 Isidorus
804 903 939 973 orig.
962 903 1090 957 XIX
1117 910 1184 957 23
1209 905 1532 958 ‘sarabarae
1561 907 1693 957 sunt
1715 904 1867 957 fluxa
1892 921 1957 957 ac
1986 904 2215 958 sinuosa
2242 904 2419 958 uesti-

385 977 595 1052 menta,
622 976 691 1029 de
711 975 916 1044 quibus
939 975 1149 1044 legitur
1170 975 1230 1029 in
1249 975 1485 1030 Daniele
1509 1021 1520 1032 .
1543 1020 1554 1030 .
1581 1020 1590 1029 .
1615 978 1673 1029 et
1697 975 1958 1037 Publius:
1979 978 2043 1028 ut
2063 974 2221 1043 quid’
2245 992 2290 1030 e.
2305 993 2356 1044 q.
2371 993 2414 1029 s.

387 1056 628 1152 (pldpL
681 1082 787 1136 del.
827 1081 968 1151 upl,
1016 1098 1286 1151 suprascr.
1323 1101 1394 1137 m.
1431 1088 1462 1134 2
1514 1085 1540 1135 t
1574 1082 1885 1151 plublius
1923 1082 2071 1137 Mon.
2125 1082 2418 1151 Puplius

386 1154 692 1222 Wolfenb.)
748 1152 1044 1278 σαράξαρα
1105 1152 1441 1221 anaxyrides
1498 1153 1761 1221 qualibus
1819 1154 2022 1208 Persae
2076 1153 2414 1209 utebantur:

388 1225 738 1294 Antiphanes
789 1224 848 1277 in
926 1223 1109 1292 cythis
1156 1224 1309 1292 apud
1356 1223 1496 1279 Poll.
1539 1231 1587 1291 7,
1618 1231 1702 1279 59.
1753 1231 1837 1292 10,
1871 1230 1988 1279 168.
2062 1225 2212 1294 Ergo
2262 1226 2416 1294 apud

389 1297 588 1366 Syrum
624 1311 846 1363 quoque
883 1295 1086 1349 Persae
1123 1295 1313 1349 nescio
1351 1295 1509 1348 cuius
1546 1296 1751 1350 bracae
1788 1295 1958 1349 rideri
1995 1295 2277 1350 videntur.

532 1408 559 1455 1
600 1404 665 1454 ut
702 1400 838 1468 quid
876 1422 944 1455 m:
983 1403 1154 1455 delevi
1188 1404 1253 1454 ut
1289 1409 1607 1470 corruptum
1640 1405 1766 1471 fort.
1806 1421 1873 1457 θα)
1910 1402 1993 1456 ait
2118 1403 2178 1455 in
2216 1405 2415 1456 uentre

384 1473 538 1543 parti
566 1472 863 1526 sarabaras
892 1475 990 1525 tuo
1023 1475 1221 1541 scripsi
1257 1472 1319 1525 in
1355 1476 1552 1527 uentre
1588 1476 1687 1527 tuo
1724 1474 1876 1543 parti
1904 1474 2115 1543 (parthi
2144 1475 2413 1541 Wolfenb.

387 1544 603 1614 parthis
634 1545 813 1612 Mon.)
853 1544 1121 1597 sarabara
1159 1545 1424 1612 Wolfenb.
1459 1545 1637 1599 Germ,
1673 1545 1928 1600 German.
1966 1547 2074 1600 duo
2121 1545 2315 1614 parthi
2355 1545 2416 1598 in

388 1619 583 1669 uentre
611 1618 710 1668 tuo
740 1614 1036 1668 sarabaras
1066 1632 1196 1668 suas
1221 1615 1328 1669 θα.
1354 1622 1380 1668 1
1420 1614 1481 1668 in
1517 1619 1713 1669 uentre
1751 1618 1849 1669 tuo
1886 1616 2077 1685 parthi
2114 1617 2416 1670 sarabaras

388 1704 517 1740 suas
552 1687 657 1740 Gu.
689 1692 736 1738 2.
772 1691 805 1738 3
924 1692 954 1737 2
994 1685 1348 1754 suspenderit
1383 1689 1582 1755 scripsi
1616 1687 2011 1769 suspenderint
2041 1688 2219 1767 Germ,
2253 1693 2280 1740 1
2313 1695 2362 1742 et
2396 1688 2418 1740 i

386 1765 723 1897 {ffriss‘ffiiz
737 1757 1635 1896 {253²ss..⁸zffffes‘22ff523...0
1674 1759 2082 1898 εὲξέἶῃὲἒέἓῖι
2107 1762 2414 1883 ¹1¹3u¹2¹⁶¹¹¹³⁸

1010 2106 1782 2193 CATVLLVS

1157 2280 1637 2339 LAVREOLVS

1386 2405 1419 2464 I

521 2507 841 2572 Iuvenalis
902 2510 1015 2571 sat.
1064 2504 1225 2571 VIII
1287 2506 1411 2570 187
1481 2506 1898 2571 ‘Laureolum
1961 2508 2151 2571 uelox
2216 2511 2410 2572 etiam

395 2616 549 2678 bene
612 2614 923 2678 Lentulus
994 2614 1129 2700 egit
1192 2612 1410 2677 Iudice
1480 2636 1581 2677 me
1655 2614 1886 2700 dignus
1957 2636 2110 2678 uera
2183 2616 2412 2680 cruce?

388 2721 733 2785 scholiasta
779 2719 924 2784 ‘hoc
971 2720 1112 2784 ideo
1161 2721 1313 2805 quia
1360 2720 1427 2783 in
1477 2720 1617 2803 ipso
1665 2721 1862 2784 mimo
1907 2716 2222 2785 Laureolo
2271 2723 2409 2808 figi-

386 2829 527 2891 tur'
586 2826 947 2913 (‘fingitur'
999 2826 1311 2890 Dziatzko
1367 2848 1527 2891 mus.
1575 2826 1777 2890 Rhen.
1827 2827 1937 2911 31,
1986 2826 2145 2913 380)
2202 2828 2407 2891 ‘cruxz

386 2934 556 2997 unde
616 2955 768 2997 uera
825 2955 1008 2997 cruce
1065 2933 1298 3019 dignus
1359 2937 1455 2997 est
1509 2933 1847 3017 Lentulus,
1904 2934 2014 3017 qui
2069 2938 2250 2998 tanto
2310 2935 2406 2997 de-

387 3040 751 3104 testabilior
816 3044 938 3123 est,
1011 3044 1251 3122 quanto
1325 3040 1556 3103 melius
1628 3044 1883 3125 gestum
1956 3039 2246 3103 imitatus
2315 3044 2407 3104 est

389 3147 766 3211 scaenicum.
839 3144 946 3208 hic
989 3144 1298 3208 Lentulus
1344 3144 1583 3208 nobilis
1629 3145 1756 3209 fuit
1803 3149 1867 3209 et
1913 3146 2193 3229 suscepit
2239 3147 2404 3210 serui

386 3275 726 3338 personam
764 3253 831 3315 in
866 3252 1111 3338 agendo
1145 3251 1343 3315 mimo
1379 3256 1442 3315 et
1478 3252 1906 3336 deprehensus
1939 3252 2007 3316 in
2033 3252 2197 3316 falso
2235 3252 2405 3316 cruci

388 3362 556 3424 fixus
603 3361 737 3424 est.'
820 3357 1129 3442 Iosephus
1172 3358 1368 3440 antiq.
1407 3355 1562 3421 XIX
1603 3358 1659 3442 1,
1691 3358 1771 3421 13
1819 3370 2014 3442 μῖμος
2059 3359 2405 3440 εἰσάγεται,

389 3465 542 3530 καθ’
590 3466 668 3530 ὃν
714 3474 1115 3549 σταυροῦται
1163 3470 1422 3548 λῃστῶν
1467 3464 1743 3548 ἡγεμών.
