2610 4007
558 207 619 262 T.
662 205 1049 271 QVINCTIVS
1085 206 1296 260 ATTA.
1371 208 1431 260 L.
1470 206 1834 261 AFRANTVS
2079 208 2207 271 193

1152 375 1239 432 IV

1251 462 1393 523 tum
1438 458 1774 544 germanas
1817 480 1991 524 meas

193 565 482 651 Vespera
510 565 757 629 oriente
784 563 1145 627 clanculum
1173 565 1329 629 ferri
1357 564 1439 628 aid
1465 586 1752 650 specum:
1781 564 1926 628 inde
1954 564 2099 628 leno
2126 602 2210 611 —

338 686 557 740 Nonius
578 691 700 755 231,
724 692 788 739 21
816 687 1131 754 ‘uespera
1158 685 1443 740 feminino
1485 689 1792 755 optatum
1820 687 2209 756 germanus'

199 775 247 812 e.
277 775 327 825 q.
359 776 403 812 3.
440 758 653 826 (Atta
652 757 936 812 Mercerus
952 756 1168 812 incerta
1187 757 1507 812 coniectura
1538 757 1792 827 Oppius
1821 757 2021 810 Junius
2050 756 2212 809 Tur-

191 829 419 899 pilius
453 820 709 883 Dotata
748 828 997 898 Scaliger
1032 828 1291 882 Nouius
1328 829 1582 883 Dotata
1620 828 2032 897 Quicheratius)

342 942 371 988 1
414 952 708 1005 germanas
744 935 953 990 Junius
989 951 1284 1004 germanus
1324 957 1366 989 ω
1402 953 1601 990 manus
1638 935 1882 1007 Scaliyer
2072 941 2102 988 2
2143 936 2216 988 ad

205 1023 435 1075 specum
481 1010 623 1074 (cum
658 1007 878 1075 anio)·
925 1005 1056 1060 inde
1103 1005 1230 1060 leno
1276 1009 1472 1077 scripsi
1507 1009 1806 1077 inperfecta
1839 1008 2105 1062 sententia
2141 1005 2215 1060 ad

195 1077 444 1147 speciem
480 1077 667 1131 delino
706 1098 749 1131 ω

1173 1173 1230 1231 V

369 1274 597 1340 Festus
655 1299 715 1360 p.
761 1274 894 1339 238
941 1273 1027 1339 M.
1080 1274 1332 1360 ‘pueri
1391 1275 1786 1360 im[puberes
1834 1326 2218 1341 .......

190 1433 837 1447 ...........
884 1380 1429 1445 nturAtta...
1480 1374 2216 1457 .............]

191 1489 487 1553 uersibus
533 1489 721 1552 docet
770 1540 1094 1552 ......
1100 1489 1118 1515 ’
1187 1486 1279 1552 Of.
1327 1462 1535 1552 Varro
1584 1489 1753 1571 apud
1802 1487 2218 1553 Censorinum

194 1596 270 1660 de
319 1595 421 1659 die
465 1599 595 1659 nat.
637 1595 738 1658 14.

336 1716 587 1770 Dubium
636 1714 910 1770 iudicium
962 1719 1048 1769 est
1099 1717 1169 1769 de
1219 1717 1343 1770 loco
1380 1714 1553 1769 Nonii
1601 1733 1655 1784 p
1696 1721 1816 1785 202,
1856 1720 1923 1769 28
1965 1714 2217 1769 (0111103

193 1804 402 1857 genere
445 1786 759 1841 masculino
796 1786 1079 1856 Vergilius
1122 1786 1530 1843 ..feminino
1577 1786 1812 1840 Plautus
1865 1786 2218 1868 Mustellafia

192 1860 376 1931 [226].
412 1859 743 1940 gerundum
795 1874 1008 1912 morem
1064 1874 1259 1912 censeo
1311 1861 1368 1912 et
1417 1858 1726 1927 capiundas
1783 1857 2007 1913 crines
2063 1858 2216 1913 tibi

192 1932 363 1984 Atta
407 1928 468 1982 in
515 1928 1041 2012 epigrammatibus.
1096 1932 1391 1999 praeterea
1425 1932 1490 1983 tu
1529 1929 1604 1983 sis
1634 1929 1901 1984 desoluta
1939 1929 2089 1984 crine
2127 1947 2217 1983 ca-

189 2000 407 2072 pfflus’
485 2001 727 2055 crines,
801 2000 965 2055 Atta
1006 2046 1016 2056 .
1060 2046 1069 2055 .
1164 2000 1376 2056 Cinna
1434 2000 1504 2055 in
1560 2000 1767 2072 epigr
1825 2000 2215 2066 Quicheratius

192 2074 388 2128 Atta.
429 2073 655 2126 crines
691 2071 827 2125 tibi
867 2116 878 2126 .
911 2116 922 2126 .
958 2117 967 2126 .
1009 2045 1256 2127 Caiuus
1297 2076 1360 2142 (s.
1400 2072 1545 2126 alius
1582 2075 1772 2142 poeta)
1811 2073 1929 2128 Bue
2080 2073 2217 2127 Ver-

191 2143 437 2198 siculum
475 2144 616 2199 duce
654 2144 898 2196 Mercero
937 2143 1218 2213 Hauptius
1254 2143 1440 2198 Herm.
1479 2144 1557 2197 III
1594 2149 1695 2197 341
1735 2144 1998 2200 correxit:
2037 2145 2216 2213 ‘prae-

193 2218 358 2269 terea
391 2214 531 2268 fusis
569 2214 818 2269 resoluta
856 2214 1007 2268 crine
1046 2214 1310 2284 capillis’.

789 2511 877 2594 L.
964 2508 1614 2595 AFRANIVS

1022 2700 1404 2760 ABDVOTA

1192 2826 1223 2882 I

199 2929 407 3006 Quam
453 2927 770 2991 senticosa
814 2926 1014 2990 uerba
1058 2929 1492 3011 pertorquet.

343 3049 542 3103 Festus
589 3067 642 3118 p
684 3054 787 3101 339
824 3048 899 3102 Μ.
953 3049 1214 3101 ‘sentes
1263 3064 1390 3101 cum
1445 3051 1666 3102 constet
1727 3064 1847 3103 esse
1916 3047 2107 3119 spinas
2167 3052 2225 3102 et

207 3119 472 3174 Afranius
523 3119 588 3185 in
633 3119 895 3173 Abducta
949 3117 1180 3174 dixerit.
1237 3135 1407 3187 quam
1462 3119 1761 3174 senticosa’
1805 3136 1851 3174 e.
1876 3138 1942 3201 q.
1983 3139 2023 3175 s,
2102 3121 2222 3189 ‘pro

199 3191 449 3272 spinosis
488 3190 672 3260 accipi
709 3190 915 3245 debet?
971 3186 1210 3243 Paulus
1216 3208 1270 3270 p
1301 3196 1404 3243 338
1443 3191 1516 3246 M.
1559 3192 1766 3245 ‘sentes
1805 3191 2015 3261 spinae
2062 3191 2224 3246 Afra-

206 3262 359 3318 nius.
399 3263 590 3331 quam’
634 3278 680 3317 e.
718 3281 770 3331 q.
811 3279 852 3316 s
896 3262 1023 3315 ‘hoc
1064 3263 1149 3315 est
1185 3260 1453 3330 spinosa.)

350 3368 627 3424 senticose
665 3368 1021 3423 Hermawnus
1264 3370 1592 3437 pertorquet
1627 3368 1795 3422 turba
1833 3369 1987 3424 Festi
2023 3370 2136 3424 cod.
2175 3376 2226 3424 et

212 3439 422 3496 Paulus
447 3459 502 3510 p.
532 3443 633 3494 tua
661 3440 1029 3494 HermannuS.
1088 3437 1194 3493 Sed
1218 3441 1432 3494 videtwr
1459 3439 1627 3492 turba
1655 3441 2014 3496 antecedentis
2049 3440 2226 3493 uerba

204 3514 392 3580 potius
437 3512 812 3583 dittoyraphia
856 3527 1020 3580 quam
1062 3511 1192 3564 ‘novi
1235 3526 1418 3565 versus
1458 3511 1683 3565 initimn
1726 3527 1846 3566 esse.
1926 3511 2227 3566 Concludat

207 3599 489 3638 smmum
526 3599 628 3636 sua
661 3584 745 3639 vel
779 3598 917 3650 puer
951 3582 1032 3635 vel
1067 3582 1394 3649 pertorques
1430 3584 1531 3635 tua

320 3679 1457 3730 Smſtrenpsssmfgmdlzmmoxn
1842 3673 1908 3721 13

2247 478 2318 526 23
