<?xml version="1.0" encoding="UTF-8"?>
<!DOCTYPE html PUBLIC "-//W3C//DTD XHTML 1.0 Transitional//EN"
    "http://www.w3.org/TR/xhtml1/DTD/xhtml1-transitional.dtd">
<html xmlns="http://www.w3.org/1999/xhtml" xml:lang="en" lang="en">
 <head>
  <title>
</title>
<meta http-equiv="Content-Type" content="text/html;charset=utf-8" />
  <meta name='ocr-system' content='tesseract 3.04.00' />
  <meta name='ocr-capabilities' content='ocr_page ocr_carea ocr_par ocr_line ocrx_word'/>
</head>
<body>
  <div class='ocr_page' id='page_1' title='image "./scaenicaeromano09ribbgoog_0392.png"; bbox 0 0 2610 4007; ppageno 0'>
   <div class='ocr_carea' id='block_1_1' title="bbox 238 2735 307 2783">
    <p class='ocr_par' dir='ltr' id='par_1_1' title="bbox 238 2735 307 2783">
     <span class='ocr_line' id='line_1_1' title="bbox 238 2735 307 2783; baseline -0.014 0"><span class='ocrx_word' id='word_1_1' title='bbox 238 2735 307 2783; x_wconf 91' lang='lat'><strong>10</strong></span> 
     </span>
    </p>
   </div>
   <div class='ocr_carea' id='block_1_2' title="bbox 333 159 2019 228">
    <p class='ocr_par' dir='ltr' id='par_1_2' title="bbox 333 159 2019 228">
     <span class='ocr_line' id='line_1_2' title="bbox 333 159 2019 228; baseline -0.005 -5"><span class='ocrx_word' id='word_1_2' title='bbox 333 159 466 223; x_wconf 83' lang='lat'><strong>380</strong></span> <span class='ocrx_word' id='word_1_3' title='bbox 665 160 1199 217; x_wconf 84' lang='lat' dir='ltr'><strong>ANONYMORVM</strong></span> <span class='ocrx_word' id='word_1_4' title='bbox 1233 164 1592 221; x_wconf 87' lang='lat' dir='ltr'>MIMORVM</span> <span class='ocrx_word' id='word_1_5' title='bbox 1627 161 2019 228; x_wconf 88' lang='lat' dir='ltr'>RELIQVIAE</span> 
     </span>
    </p>
   </div>
   <div class='ocr_carea' id='block_1_3' title="bbox 333 352 2373 1282">
    <p class='ocr_par' dir='ltr' id='par_1_3' title="bbox 1271 352 1415 409">
     <span class='ocr_line' id='line_1_3' title="bbox 1271 352 1415 409; baseline -0.014 0"><span class='ocrx_word' id='word_1_6' title='bbox 1271 352 1415 409; x_wconf 89' lang='lat' dir='ltr'><strong>XIV</strong></span> 
     </span>
    </p>

    <p class='ocr_par' dir='ltr' id='par_1_4' title="bbox 333 446 2373 1282">
     <span class='ocr_line' id='line_1_4' title="bbox 472 446 2368 535; baseline 0.002 -25"><span class='ocrx_word' id='word_1_7' title='bbox 472 446 692 512; x_wconf 85' lang='lat' dir='ltr'><strong>Cicero</strong></span> <span class='ocrx_word' id='word_1_8' title='bbox 732 449 807 512; x_wconf 93' lang='lat' dir='ltr'><strong>de</strong></span> <span class='ocrx_word' id='word_1_9' title='bbox 847 453 1002 514; x_wconf 89' lang='lat' dir='ltr'><strong>orat.</strong></span> <span class='ocrx_word' id='word_1_10' title='bbox 1032 449 1098 514; x_wconf 95' lang='grc' dir='ltr'><strong>ΙΙ</strong></span> <span class='ocrx_word' id='word_1_11' title='bbox 1135 451 1239 535; x_wconf 85' lang='grc'><strong>61,</strong></span> <span class='ocrx_word' id='word_1_12' title='bbox 1268 451 1394 515; x_wconf 83' lang='grc'><strong>251</strong></span> <span class='ocrx_word' id='word_1_13' title='bbox 1429 452 1645 535; x_wconf 77' lang='lat' dir='ltr'><strong>‘atque</strong></span> <span class='ocrx_word' id='word_1_14' title='bbox 1681 451 1804 516; x_wconf 90' lang='lat' dir='ltr'><strong>hoc</strong></span> <span class='ocrx_word' id='word_1_15' title='bbox 1843 451 2037 515; x_wconf 89' lang='lat' dir='ltr'><strong>etiam</strong></span> <span class='ocrx_word' id='word_1_16' title='bbox 2075 449 2368 514; x_wconf 89' lang='lat' dir='ltr'><strong>animad-</strong></span> 
     </span>
     <span class='ocr_line' id='line_1_5' title="bbox 333 555 2369 641; baseline 0.001 -24"><span class='ocrx_word' id='word_1_17' title='bbox 333 555 715 619; x_wconf 90' lang='lat' dir='ltr'><strong>uertendum</strong></span> <span class='ocrx_word' id='word_1_18' title='bbox 762 561 885 640; x_wconf 86' lang='lat' dir='ltr'><strong>est,</strong></span> <span class='ocrx_word' id='word_1_19' title='bbox 948 578 1079 621; x_wconf 93' lang='lat' dir='ltr'><strong>non</strong></span> <span class='ocrx_word' id='word_1_20' title='bbox 1126 580 1259 622; x_wconf 90' lang='lat' dir='ltr'><strong>esse</strong></span> <span class='ocrx_word' id='word_1_21' title='bbox 1309 559 1524 624; x_wconf 89' lang='lat' dir='ltr'><strong>omnia</strong></span> <span class='ocrx_word' id='word_1_22' title='bbox 1570 559 1840 623; x_wconf 85' lang='lat' dir='ltr'><strong>ridicula</strong></span> <span class='ocrx_word' id='word_1_23' title='bbox 1885 559 2109 622; x_wconf 85' lang='lat' dir='ltr'><strong>faceta.</strong></span> <span class='ocrx_word' id='word_1_24' title='bbox 2203 556 2369 641; x_wconf 90' lang='lat' dir='ltr'><strong>quid</strong></span> 
     </span>
     <span class='ocr_line' id='line_1_6' title="bbox 335 661 2368 750; baseline 0.002 -27"><span class='ocrx_word' id='word_1_25' title='bbox 335 661 505 724; x_wconf 92' lang='lat' dir='ltr'><strong>enim</strong></span> <span class='ocrx_word' id='word_1_26' title='bbox 565 666 782 745; x_wconf 90' lang='lat' dir='ltr'><strong>potest</strong></span> <span class='ocrx_word' id='word_1_27' title='bbox 837 685 972 727; x_wconf 91' lang='lat' dir='ltr'><strong>esse</strong></span> <span class='ocrx_word' id='word_1_28' title='bbox 1030 667 1165 728; x_wconf 90' lang='lat' dir='ltr'><strong>tam</strong></span> <span class='ocrx_word' id='word_1_29' title='bbox 1224 665 1567 730; x_wconf 89' lang='lat' dir='ltr'><strong>ridiculum</strong></span> <span class='ocrx_word' id='word_1_30' title='bbox 1629 689 1822 750; x_wconf 88' lang='lat' dir='ltr'><strong>quam</strong></span> <span class='ocrx_word' id='word_1_31' title='bbox 1886 664 2151 730; x_wconf 89' lang='lat' dir='ltr'><strong>sannio</strong></span> <span class='ocrx_word' id='word_1_32' title='bbox 2220 664 2368 727; x_wconf 82' lang='lat' dir='ltr'><strong>est‘?</strong></span> 
     </span>
     <span class='ocr_line' id='line_1_7' title="bbox 336 769 2369 858; baseline 0.001 -27"><span class='ocrx_word' id='word_1_33' title='bbox 336 788 472 852; x_wconf 85' lang='lat' dir='ltr'><strong>ore,</strong></span> <span class='ocrx_word' id='word_1_34' title='bbox 517 769 733 853; x_wconf 89' lang='lat' dir='ltr'><strong>uultu,</strong></span> <span class='ocrx_word' id='word_1_35' title='bbox 786 770 1115 834; x_wconf 73' lang='lat' dir='ltr'><strong>imitandis</strong></span> <span class='ocrx_word' id='word_1_36' title='bbox 1161 771 1475 857; x_wconf 90' lang='lat' dir='ltr'><strong>moribus,</strong></span> <span class='ocrx_word' id='word_1_37' title='bbox 1531 794 1716 858; x_wconf 85' lang='lat' dir='ltr'><strong>uoce,</strong></span> <span class='ocrx_word' id='word_1_38' title='bbox 1773 773 2045 856; x_wconf 90' lang='lat' dir='ltr'><strong>denique</strong></span> <span class='ocrx_word' id='word_1_39' title='bbox 2091 792 2369 854; x_wconf 86' lang='lat' dir='ltr'><strong>corpore</strong></span> 
     </span>
     <span class='ocr_line' id='line_1_8' title="bbox 335 824 2368 963; baseline 0.001 -26"><span class='ocrx_word' id='word_1_40' title='bbox 335 874 583 939; x_wconf 76' lang='lat' dir='ltr'><strong>ridetur</strong></span> <span class='ocrx_word' id='word_1_41' title='bbox 637 877 797 960; x_wconf 93' lang='lat' dir='ltr'><strong>ipso.</strong></span> <span class='ocrx_word' id='word_1_42' title='bbox 890 877 1129 941; x_wconf 88' lang='lat' dir='ltr'><strong>salsum</strong></span> <span class='ocrx_word' id='word_1_43' title='bbox 1193 878 1366 943; x_wconf 85' lang='lat' dir='ltr'><strong>hunc</strong></span> <span class='ocrx_word' id='word_1_44' title='bbox 1419 902 1683 963; x_wconf 91' lang='lat' dir='ltr'><strong>possum</strong></span> <span class='ocrx_word' id='word_1_45' title='bbox 1698 824 1947 943; x_wconf 73' lang='lat' dir='ltr'><strong>&lt;ficere</strong></span> <span class='ocrx_word' id='word_1_46' title='bbox 2003 880 2197 961; x_wconf 87' lang='lat' dir='ltr'><strong>atque</strong></span> <span class='ocrx_word' id='word_1_47' title='bbox 2252 878 2368 961; x_wconf 84' lang='lat' dir='ltr'><strong>ita,</strong></span> 
     </span>
     <span class='ocr_line' id='line_1_9' title="bbox 335 982 2368 1070; baseline 0.002 -26"><span class='ocrx_word' id='word_1_48' title='bbox 335 1003 467 1045; x_wconf 96' lang='lat' dir='ltr'><strong>non</strong></span> <span class='ocrx_word' id='word_1_49' title='bbox 503 987 577 1045; x_wconf 94' lang='lat' dir='ltr'><strong>ut</strong></span> <span class='ocrx_word' id='word_1_50' title='bbox 614 983 751 1046; x_wconf 90' lang='lat' dir='ltr'><strong>eius</strong></span> <span class='ocrx_word' id='word_1_51' title='bbox 787 984 960 1047; x_wconf 93' lang='lat' dir='ltr'><strong>modi</strong></span> <span class='ocrx_word' id='word_1_52' title='bbox 999 988 1322 1049; x_wconf 88' lang='lat' dir='ltr'><strong>oratorem</strong></span> <span class='ocrx_word' id='word_1_53' title='bbox 1359 1008 1494 1050; x_wconf 91' lang='lat' dir='ltr'><strong>esse</strong></span> <span class='ocrx_word' id='word_1_54' title='bbox 1530 986 1746 1070; x_wconf 87' lang='lat' dir='ltr'><strong>uelim,</strong></span> <span class='ocrx_word' id='word_1_55' title='bbox 1793 986 1902 1050; x_wconf 90' lang='lat' dir='ltr'><strong>sed</strong></span> <span class='ocrx_word' id='word_1_56' title='bbox 1939 988 2012 1048; x_wconf 93' lang='lat' dir='ltr'><strong>ut</strong></span> <span class='ocrx_word' id='word_1_57' title='bbox 2047 982 2368 1048; x_wconf 65' lang='lat' dir='ltr'><strong>mimum?</strong></span> 
     </span>
     <span class='ocr_line' id='line_1_10' title="bbox 339 1086 2373 1177; baseline 0 -26"><span class='ocrx_word' id='word_1_58' title='bbox 339 1086 720 1174; x_wconf 57' lang='lat' dir='ltr'><strong>(imitandis</strong></span> <span class='ocrx_word' id='word_1_59' title='bbox 758 1090 1068 1156; x_wconf 87' lang='lat' dir='ltr'><strong>moribus&#39;</strong></span> <span class='ocrx_word' id='word_1_60' title='bbox 1107 1093 1252 1156; x_wconf 87' lang='lat' dir='ltr'><strong>incl.</strong></span> <span class='ocrx_word' id='word_1_61' title='bbox 1284 1090 1682 1177; x_wconf 85' lang='lat' dir='ltr'><strong>Harnecker)</strong></span> <span class='ocrx_word' id='word_1_62' title='bbox 1767 1092 1860 1157; x_wconf 88' lang='lat' dir='ltr'><strong>Cf.</strong></span> <span class='ocrx_word' id='word_1_63' title='bbox 1896 1090 1962 1155; x_wconf 92' lang='lat' dir='ltr'><strong>II</strong></span> <span class='ocrx_word' id='word_1_64' title='bbox 2008 1096 2072 1155; x_wconf 92' lang='lat' dir='ltr'><strong>et</strong></span> <span class='ocrx_word' id='word_1_65' title='bbox 2106 1090 2373 1156; x_wconf 88' lang='lat' dir='ltr'><strong>Nonius</strong></span> 
     </span>
     <span class='ocr_line' id='line_1_11' title="bbox 339 1195 2040 1282; baseline 0.002 -24"><span class='ocrx_word' id='word_1_66' title='bbox 339 1218 401 1278; x_wconf 91' lang='lat' dir='ltr'><strong>p.</strong></span> <span class='ocrx_word' id='word_1_67' title='bbox 431 1195 512 1257; x_wconf 83' lang='lat'><strong>61</strong></span> <span class='ocrx_word' id='word_1_68' title='bbox 564 1219 620 1260; x_wconf 84' lang='lat' dir='ltr'><strong>v.</strong></span> <span class='ocrx_word' id='word_1_69' title='bbox 668 1197 1024 1262; x_wconf 83' lang='lat' dir='ltr'><strong>sanniones.</strong></span> <span class='ocrx_word' id='word_1_70' title='bbox 1101 1198 1412 1263; x_wconf 85' lang='lat' dir='ltr'><strong>Zielinski</strong></span> <span class='ocrx_word' id='word_1_71' title='bbox 1459 1203 1699 1282; x_wconf 89' lang='lat' dir='ltr'><strong>quaest.</strong></span> <span class='ocrx_word' id='word_1_72' title='bbox 1739 1220 1897 1263; x_wconf 92' lang='lat' dir='ltr'><strong>com.</strong></span> <span class='ocrx_word' id='word_1_73' title='bbox 1936 1197 2040 1262; x_wconf 81' lang='lat'><strong>57.</strong></span> 
     </span>
    </p>
   </div>
   <div class='ocr_carea' id='block_1_4' title="bbox 470 1418 2374 1602">
    <p class='ocr_par' dir='ltr' id='par_1_5' title="bbox 470 1418 2374 1602">
     <span class='ocr_line' id='line_1_12' title="bbox 1295 1418 1407 1476; baseline -0.027 0"><span class='ocrx_word' id='word_1_74' title='bbox 1295 1418 1407 1476; x_wconf 90' lang='lat' dir='ltr'><strong>XV</strong></span> 
     </span>
     <span class='ocr_line' id='line_1_13' title="bbox 470 1517 2374 1602; baseline -0.002 -19"><span class='ocrx_word' id='word_1_75' title='bbox 470 1517 726 1583; x_wconf 88' lang='lat' dir='ltr'><strong>Nonius</strong></span> <span class='ocrx_word' id='word_1_76' title='bbox 799 1518 867 1601; x_wconf 84' lang='lat'><strong>6,</strong></span> <span class='ocrx_word' id='word_1_77' title='bbox 927 1518 1012 1582; x_wconf 78' lang='lat'><strong>25</strong></span> <span class='ocrx_word' id='word_1_78' title='bbox 1098 1519 1409 1583; x_wconf 72' lang='lat' dir='ltr'><strong>‘caluitur</strong></span> <span class='ocrx_word' id='word_1_79' title='bbox 1491 1519 1733 1582; x_wconf 82' lang='lat' dir='ltr'><strong>dictum</strong></span> <span class='ocrx_word' id='word_1_80' title='bbox 1817 1522 1912 1582; x_wconf 91' lang='lat' dir='ltr'><strong>est</strong></span> <span class='ocrx_word' id='word_1_81' title='bbox 1997 1518 2374 1602; x_wconf 80' lang='lat' dir='ltr'><strong>frustratur,</strong></span> 
     </span>
    </p>
   </div>
   <div class='ocr_carea' id='block_1_5' title="bbox 339 1624 2371 1793">
    <p class='ocr_par' dir='ltr' id='par_1_6' title="bbox 339 1624 2371 1793">
     <span class='ocr_line' id='line_1_14' title="bbox 340 1624 2371 1711; baseline 0 -25"><span class='ocrx_word' id='word_1_82' title='bbox 340 1626 617 1687; x_wconf 87' lang='lat' dir='ltr'><strong>tractum</strong></span> <span class='ocrx_word' id='word_1_83' title='bbox 683 1646 719 1687; x_wconf 85' lang='lat' dir='ltr'><strong>a</strong></span> <span class='ocrx_word' id='word_1_84' title='bbox 782 1625 1027 1689; x_wconf 85' lang='lat' dir='ltr'><strong>caluis</strong></span> <span class='ocrx_word' id='word_1_85' title='bbox 1091 1626 1446 1711; x_wconf 78' lang='lat' dir='ltr'><strong>mimiciS‚</strong></span> <span class='ocrx_word' id='word_1_86' title='bbox 1520 1625 1720 1708; x_wconf 91' lang='lat' dir='ltr'><strong>quod</strong></span> <span class='ocrx_word' id='word_1_87' title='bbox 1789 1626 1944 1688; x_wconf 91' lang='lat' dir='ltr'><strong>sint</strong></span> <span class='ocrx_word' id='word_1_88' title='bbox 2009 1624 2371 1689; x_wconf 91' lang='lat' dir='ltr'><strong>omnibus</strong></span> 
     </span>
     <span class='ocr_line' id='line_1_15' title="bbox 339 1730 799 1793; baseline 0 -1"><span class='ocrx_word' id='word_1_89' title='bbox 339 1730 799 1793; x_wconf 88' lang='lat' dir='ltr'><strong>frustratui.&#39;</strong></span> 
     </span>
    </p>
   </div>
   <div class='ocr_carea' id='block_1_6' title="bbox 341 1861 2371 2471">
    <p class='ocr_par' dir='ltr' id='par_1_7' title="bbox 341 1861 2371 2471">
     <span class='ocr_line' id='line_1_16' title="bbox 1276 1861 1420 1918; baseline 0 0"><span class='ocrx_word' id='word_1_90' title='bbox 1276 1861 1420 1918; x_wconf 90' lang='lat' dir='ltr'><strong>XVI</strong></span> 
     </span>
     <span class='ocr_line' id='line_1_17' title="bbox 475 1959 2371 2047; baseline 0.001 -22"><span class='ocrx_word' id='word_1_91' title='bbox 475 1959 787 2026; x_wconf 78' lang='lat' dir='ltr'><strong>Horatius</strong></span> <span class='ocrx_word' id='word_1_92' title='bbox 832 1961 1014 2046; x_wconf 91' lang='lat' dir='ltr'><strong>epist.</strong></span> <span class='ocrx_word' id='word_1_93' title='bbox 1060 1959 1092 2025; x_wconf 94' lang='lat' dir='ltr'>I</span> <span class='ocrx_word' id='word_1_94' title='bbox 1143 1961 1243 2047; x_wconf 89' lang='lat'><strong>18,</strong></span> <span class='ocrx_word' id='word_1_95' title='bbox 1285 1961 1370 2026; x_wconf 87' lang='lat'><strong>10</strong></span> <span class='ocrx_word' id='word_1_96' title='bbox 1427 1962 1612 2026; x_wconf 75' lang='lat' dir='ltr'><strong>‘alter</strong></span> <span class='ocrx_word' id='word_1_97' title='bbox 1666 1962 1735 2026; x_wconf 92' lang='lat' dir='ltr'><strong>in</strong></span> <span class='ocrx_word' id='word_1_98' title='bbox 1781 1961 2162 2047; x_wconf 86' lang='lat' dir='ltr'><strong>obsequium</strong></span> <span class='ocrx_word' id='word_1_99' title='bbox 2215 1963 2371 2047; x_wconf 90' lang='lat' dir='ltr'><strong>plus</strong></span> 
     </span>
     <span class='ocr_line' id='line_1_18' title="bbox 342 2068 2370 2153; baseline 0.001 -21"><span class='ocrx_word' id='word_1_100' title='bbox 342 2091 545 2153; x_wconf 91' lang='lat' dir='ltr'><strong>aequo</strong></span> <span class='ocrx_word' id='word_1_101' title='bbox 599 2089 842 2152; x_wconf 90' lang='lat' dir='ltr'><strong>pronus</strong></span> <span class='ocrx_word' id='word_1_102' title='bbox 897 2073 962 2132; x_wconf 91' lang='lat' dir='ltr'><strong>et</strong></span> <span class='ocrx_word' id='word_1_103' title='bbox 1016 2068 1132 2131; x_wconf 86' lang='lat' dir='ltr'><strong>imi</strong></span> <span class='ocrx_word' id='word_1_104' title='bbox 1181 2069 1449 2134; x_wconf 89' lang='lat' dir='ltr'><strong>Derisor</strong></span> <span class='ocrx_word' id='word_1_105' title='bbox 1501 2071 1652 2134; x_wconf 88' lang='lat' dir='ltr'><strong>lecti</strong></span> <span class='ocrx_word' id='word_1_106' title='bbox 1707 2070 1799 2134; x_wconf 85' lang='lat' dir='ltr'><strong>sic</strong></span> <span class='ocrx_word' id='word_1_107' title='bbox 1852 2075 2083 2134; x_wconf 89' lang='lat' dir='ltr'><strong>nutum</strong></span> <span class='ocrx_word' id='word_1_108' title='bbox 2140 2070 2370 2134; x_wconf 83' lang='lat' dir='ltr'><strong>diuitis</strong></span> 
     </span>
     <span class='ocr_line' id='line_1_19' title="bbox 341 2172 2368 2260; baseline 0.001 -23"><span class='ocrx_word' id='word_1_109' title='bbox 341 2173 589 2260; x_wconf 85' lang='lat' dir='ltr'><strong>horret,</strong></span> <span class='ocrx_word' id='word_1_110' title='bbox 646 2172 753 2238; x_wconf 80' lang='lat' dir='ltr'><strong>Sic</strong></span> <span class='ocrx_word' id='word_1_111' title='bbox 808 2174 1001 2238; x_wconf 87' lang='lat' dir='ltr'><strong>iterat</strong></span> <span class='ocrx_word' id='word_1_112' title='bbox 1054 2196 1243 2238; x_wconf 90' lang='lat' dir='ltr'><strong>uoces</strong></span> <span class='ocrx_word' id='word_1_113' title='bbox 1301 2180 1367 2238; x_wconf 91' lang='lat' dir='ltr'><strong>et</strong></span> <span class='ocrx_word' id='word_1_114' title='bbox 1420 2175 1620 2239; x_wconf 89' lang='lat' dir='ltr'><strong>uerba</strong></span> <span class='ocrx_word' id='word_1_115' title='bbox 1675 2176 1966 2240; x_wconf 82' lang='lat' dir='ltr'><strong>cadentia</strong></span> <span class='ocrx_word' id='word_1_116' title='bbox 2020 2177 2222 2260; x_wconf 88' lang='lat' dir='ltr'><strong>tollit,</strong></span> <span class='ocrx_word' id='word_1_117' title='bbox 2275 2177 2368 2240; x_wconf 91' lang='lat' dir='ltr'><strong>Vt</strong></span> 
     </span>
     <span class='ocr_line' id='line_1_20' title="bbox 343 2281 2371 2368; baseline 0.001 -24"><span class='ocrx_word' id='word_1_118' title='bbox 343 2304 612 2364; x_wconf 90' lang='lat' dir='ltr'><strong>puerum</strong></span> <span class='ocrx_word' id='word_1_119' title='bbox 677 2303 868 2346; x_wconf 88' lang='lat' dir='ltr'><strong>saeuo</strong></span> <span class='ocrx_word' id='word_1_120' title='bbox 935 2282 1153 2345; x_wconf 83' lang='lat' dir='ltr'><strong>credas</strong></span> <span class='ocrx_word' id='word_1_121' title='bbox 1218 2281 1458 2346; x_wconf 84' lang='lat' dir='ltr'><strong>dictata</strong></span> <span class='ocrx_word' id='word_1_122' title='bbox 1529 2283 1843 2368; x_wconf 87' lang='lat' dir='ltr'><strong>magistro</strong></span> <span class='ocrx_word' id='word_1_123' title='bbox 1907 2282 2198 2348; x_wconf 85' lang='lat' dir='ltr'><strong>Reddere</strong></span> <span class='ocrx_word' id='word_1_124' title='bbox 2262 2284 2371 2346; x_wconf 90' lang='lat' dir='ltr'><strong>uel</strong></span> 
     </span>
     <span class='ocr_line' id='line_1_21' title="bbox 341 2388 1990 2471; baseline 0.002 -21"><span class='ocrx_word' id='word_1_125' title='bbox 341 2388 543 2471; x_wconf 88' lang='lat' dir='ltr'><strong>partis</strong></span> <span class='ocrx_word' id='word_1_126' title='bbox 589 2388 860 2452; x_wconf 90' lang='lat' dir='ltr'><strong>mimum</strong></span> <span class='ocrx_word' id='word_1_127' title='bbox 905 2392 1177 2452; x_wconf 85' lang='lat' dir='ltr'><strong>tractare</strong></span> <span class='ocrx_word' id='word_1_128' title='bbox 1226 2389 1576 2453; x_wconf 87' lang='lat' dir='ltr'><strong>secundas.’</strong></span> <span class='ocrx_word' id='word_1_129' title='bbox 1653 2388 1745 2454; x_wconf 88' lang='lat' dir='ltr'><strong>Cf.</strong></span> <span class='ocrx_word' id='word_1_130' title='bbox 1783 2388 1990 2454; x_wconf 89' lang='lat' dir='ltr'>XVII.</span> 
     </span>
    </p>
   </div>
   <div class='ocr_carea' id='block_1_7' title="bbox 348 2709 1523 2774">
    <p class='ocr_par' dir='ltr' id='par_1_8' title="bbox 348 2709 1523 2774">
     <span class='ocr_line' id='line_1_22' title="bbox 348 2709 1523 2774; baseline 0.001 -2"><span class='ocrx_word' id='word_1_131' title='bbox 348 2759 607 2772; x_wconf 93' lang='grc'><strong>.....</strong></span> <span class='ocrx_word' id='word_1_132' title='bbox 655 2709 833 2772; x_wconf 71' lang='lat' dir='ltr'><strong>salua</strong></span> <span class='ocrx_word' id='word_1_133' title='bbox 879 2731 1006 2772; x_wconf 88' lang='lat' dir='ltr'><strong>res:</strong></span> <span class='ocrx_word' id='word_1_134' title='bbox 1052 2710 1269 2773; x_wconf 70' lang='lat' dir='ltr'><strong>cantat</strong></span> <span class='ocrx_word' id='word_1_135' title='bbox 1314 2731 1523 2774; x_wconf 82' lang='lat' dir='ltr'><strong>senex.</strong></span> 
     </span>
    </p>
   </div>
   <div class='ocr_carea' id='block_1_8' title="bbox 344 2829 2367 3607">
    <p class='ocr_par' dir='ltr' id='par_1_9' title="bbox 344 2829 2367 3398">
     <span class='ocr_line' id='line_1_23' title="bbox 487 2829 2367 2899; baseline 0.003 -19"><span class='ocrx_word' id='word_1_136' title='bbox 487 2829 685 2881; x_wconf 81' lang='lat' dir='ltr'><strong>Festus</strong></span> <span class='ocrx_word' id='word_1_137' title='bbox 731 2847 784 2897; x_wconf 90' lang='lat' dir='ltr'><strong>p.</strong></span> <span class='ocrx_word' id='word_1_138' title='bbox 816 2836 919 2883; x_wconf 82' lang='lat'><strong>326</strong></span> <span class='ocrx_word' id='word_1_139' title='bbox 962 2831 1035 2883; x_wconf 80' lang='lat' dir='ltr'><strong>M.</strong></span> <span class='ocrx_word' id='word_1_140' title='bbox 1087 2830 1308 2884; x_wconf 81' lang='lat' dir='ltr'><strong>‘salua</strong></span> <span class='ocrx_word' id='word_1_141' title='bbox 1353 2848 1457 2884; x_wconf 90' lang='lat' dir='ltr'><strong>res</strong></span> <span class='ocrx_word' id='word_1_142' title='bbox 1507 2875 1892 2885; x_wconf 91' lang='grc'><strong>........</strong></span> <span class='ocrx_word' id='word_1_143' title='bbox 1942 2847 2146 2884; x_wconf 80' lang='lat' dir='ltr'><strong>senex</strong></span> <span class='ocrx_word' id='word_1_144' title='bbox 2192 2848 2367 2899; x_wconf 87' lang='lat' dir='ltr'><strong>quare</strong></span> 
     </span>
     <span class='ocr_line' id='line_1_24' title="bbox 345 2900 2363 2970; baseline 0.001 -17"><span class='ocrx_word' id='word_1_145' title='bbox 345 2900 583 2968; x_wconf 86' lang='lat' dir='ltr'><strong>parasiti</strong></span> <span class='ocrx_word' id='word_1_146' title='bbox 612 2901 904 2969; x_wconf 79' lang='lat' dir='ltr'><strong>Apollonis</strong></span> <span class='ocrx_word' id='word_1_147' title='bbox 942 2900 1002 2953; x_wconf 92' lang='lat' dir='ltr'><strong>in</strong></span> <span class='ocrx_word' id='word_1_148' title='bbox 1039 2919 1242 2956; x_wconf 88' lang='lat' dir='ltr'><strong>scaena</strong></span> <span class='ocrx_word' id='word_1_149' title='bbox 1279 2903 1560 2969; x_wconf 84' lang='lat' dir='ltr'><strong>dictitent,</strong></span> <span class='ocrx_word' id='word_1_150' title='bbox 1599 2919 1827 2955; x_wconf 85' lang='lat' dir='ltr'><strong>causam</strong></span> <span class='ocrx_word' id='word_1_151' title='bbox 1856 2901 2081 2955; x_wconf 89' lang='lat' dir='ltr'><strong>Verrius</strong></span> <span class='ocrx_word' id='word_1_152' title='bbox 2118 2902 2180 2955; x_wconf 90' lang='lat' dir='ltr'><strong>in</strong></span> <span class='ocrx_word' id='word_1_153' title='bbox 2216 2903 2253 2956; x_wconf 87' lang='lat' dir='ltr'><strong>l.</strong></span> <span class='ocrx_word' id='word_1_154' title='bbox 2280 2904 2363 2970; x_wconf 85' lang='lat' dir='ltr'><strong>V.;</strong></span> 
     </span>
     <span class='ocr_line' id='line_1_25' title="bbox 347 2972 2365 3042; baseline 0.001 -18"><span class='ocrx_word' id='word_1_155' title='bbox 347 2988 584 3038; x_wconf 88' lang='lat' dir='ltr'><strong>quorum</strong></span> <span class='ocrx_word' id='word_1_156' title='bbox 619 2972 801 3039; x_wconf 89' lang='lat' dir='ltr'><strong>prima</strong></span> <span class='ocrx_word' id='word_1_157' title='bbox 839 2976 926 3025; x_wconf 86' lang='lat' dir='ltr'><strong>est</strong></span> <span class='ocrx_word' id='word_1_158' title='bbox 962 2973 1006 3025; x_wconf 93' lang='lat' dir='ltr'>P</span> <span class='ocrx_word' id='word_1_159' title='bbox 1042 2973 1250 3041; x_wconf 86' lang='lat' dir='ltr'><strong>littera,</strong></span> <span class='ocrx_word' id='word_1_160' title='bbox 1288 2974 1552 3028; x_wconf 82' lang='lat' dir='ltr'><strong>reddidit.</strong></span> <span class='ocrx_word' id='word_1_161' title='bbox 1613 2973 1763 3040; x_wconf 89' lang='lat' dir='ltr'><strong>quod</strong></span> <span class='ocrx_word' id='word_1_162' title='bbox 1793 2972 1849 3027; x_wconf 88' lang='lat' dir='ltr'><strong>C.</strong></span> <span class='ocrx_word' id='word_1_163' title='bbox 1877 2972 2123 3042; x_wconf 86' lang='lat' dir='ltr'><strong>Sulpicio</strong></span> <span class='ocrx_word' id='word_1_164' title='bbox 2152 2973 2211 3027; x_wconf 86' lang='lat' dir='ltr'><strong>C.</strong></span> <span class='ocrx_word' id='word_1_165' title='bbox 2237 2974 2365 3026; x_wconf 87' lang='lat' dir='ltr'><strong>Ful·</strong></span> 
     </span>
     <span class='ocr_line' id='line_1_26' title="bbox 347 3042 2366 3114; baseline 0.001 -19"><span class='ocrx_word' id='word_1_166' title='bbox 347 3042 440 3096; x_wconf 92' lang='lat' dir='ltr'><strong>uio</strong></span> <span class='ocrx_word' id='word_1_167' title='bbox 479 3060 608 3109; x_wconf 74' lang='lat' dir='ltr'><strong>cos,</strong></span> <span class='ocrx_word' id='word_1_168' title='bbox 648 3043 720 3096; x_wconf 82' lang='lat' dir='ltr'><strong>M.</strong></span> <span class='ocrx_word' id='word_1_169' title='bbox 752 3043 1053 3112; x_wconf 86' lang='lat' dir='ltr'><strong>Calpurnio</strong></span> <span class='ocrx_word' id='word_1_170' title='bbox 1082 3044 1285 3098; x_wconf 87' lang='lat' dir='ltr'><strong>Pisone</strong></span> <span class='ocrx_word' id='word_1_171' title='bbox 1322 3063 1402 3114; x_wconf 92' lang='lat' dir='ltr'><strong>pr.</strong></span> <span class='ocrx_word' id='word_1_172' title='bbox 1433 3045 1552 3099; x_wconf 90' lang='lat' dir='ltr'><strong>urb.</strong></span> <span class='ocrx_word' id='word_1_173' title='bbox 1584 3043 1828 3098; x_wconf 83' lang='lat' dir='ltr'><strong>faciente</strong></span> <span class='ocrx_word' id='word_1_174' title='bbox 1865 3043 2027 3097; x_wconf 89' lang='lat' dir='ltr'><strong>ludos</strong></span> <span class='ocrx_word' id='word_1_175' title='bbox 2065 3044 2254 3097; x_wconf 85' lang='lat' dir='ltr'><strong>subito</strong></span> <span class='ocrx_word' id='word_1_176' title='bbox 2292 3044 2366 3097; x_wconf 88' lang='lat' dir='ltr'><strong>ad</strong></span> 
     </span>
     <span class='ocr_line' id='line_1_27' title="bbox 348 3113 2367 3182; baseline 0 -15"><span class='ocrx_word' id='word_1_177' title='bbox 348 3131 504 3167; x_wconf 87' lang='lat' dir='ltr'><strong>arma.</strong></span> <span class='ocrx_word' id='word_1_178' title='bbox 550 3113 789 3167; x_wconf 83' lang='lat' dir='ltr'><strong>exierint</strong></span> <span class='ocrx_word' id='word_1_179' title='bbox 833 3115 1095 3169; x_wconf 86' lang='lat' dir='ltr'><strong>nuntiato</strong></span> <span class='ocrx_word' id='word_1_180' title='bbox 1133 3116 1382 3169; x_wconf 88' lang='lat' dir='ltr'><strong>aduentu</strong></span> <span class='ocrx_word' id='word_1_181' title='bbox 1426 3115 1675 3170; x_wconf 89' lang='lat' dir='ltr'><strong>hostium</strong></span> <span class='ocrx_word' id='word_1_182' title='bbox 1713 3115 2064 3182; x_wconf 83' lang='lat' dir='ltr'><strong>uictoresque</strong></span> <span class='ocrx_word' id='word_1_183' title='bbox 2109 3115 2171 3167; x_wconf 89' lang='lat' dir='ltr'><strong>in</strong></span> <span class='ocrx_word' id='word_1_184' title='bbox 2207 3115 2367 3168; x_wconf 85' lang='lat' dir='ltr'><strong>thea-</strong></span> 
     </span>
     <span class='ocr_line' id='line_1_28' title="bbox 346 3184 2367 3257; baseline -0.001 -18"><span class='ocrx_word' id='word_1_185' title='bbox 346 3189 494 3239; x_wconf 80' lang='lat' dir='ltr'><strong>trum</strong></span> <span class='ocrx_word' id='word_1_186' title='bbox 531 3184 803 3239; x_wconf 89' lang='lat' dir='ltr'><strong>redierint</strong></span> <span class='ocrx_word' id='word_1_187' title='bbox 839 3186 1097 3254; x_wconf 87' lang='lat' dir='ltr'><strong>solliciti,</strong></span> <span class='ocrx_word' id='word_1_188' title='bbox 1142 3204 1213 3241; x_wconf 92' lang='lat' dir='ltr'><strong>ne</strong></span> <span class='ocrx_word' id='word_1_189' title='bbox 1250 3187 1556 3241; x_wconf 86' lang='lat' dir='ltr'><strong>intermissi</strong></span> <span class='ocrx_word' id='word_1_190' title='bbox 1595 3186 1926 3257; x_wconf 82' lang='lat' dir='ltr'><strong>religionem</strong></span> <span class='ocrx_word' id='word_1_191' title='bbox 1962 3186 2247 3239; x_wconf 78' lang='lat' dir='ltr'><strong>adferrent</strong></span> <span class='ocrx_word' id='word_1_192' title='bbox 2283 3186 2367 3238; x_wconf 86' lang='lat' dir='ltr'><strong>in·</strong></span> 
     </span>
     <span class='ocr_line' id='line_1_29' title="bbox 348 3256 2366 3340; baseline -0.001 -30"><span class='ocrx_word' id='word_1_193' title='bbox 348 3256 749 3336; x_wconf 80' lang='lat' dir='ltr'><strong>staurandique</strong></span> <span class='ocrx_word' id='word_1_194' title='bbox 788 3274 874 3311; x_wconf 70' lang='lat' dir='ltr'><strong>ess</strong></span> <span class='ocrx_word' id='word_1_195' title='bbox 850 3263 998 3312; x_wconf 74' lang='lat' dir='ltr'><strong>sent:</strong></span> <span class='ocrx_word' id='word_1_196' title='bbox 1042 3259 1347 3340; x_wconf 64' lang='lat' dir='ltr'><strong>inuentum⁸</strong></span> <span class='ocrx_word' id='word_1_197' title='bbox 1374 3275 1492 3312; x_wconf 88' lang='lat' dir='ltr'><strong>esse</strong></span> <span class='ocrx_word' id='word_1_198' title='bbox 1531 3258 1613 3312; x_wconf 90' lang='lat' dir='ltr'><strong>ibi</strong></span> <span class='ocrx_word' id='word_1_199' title='bbox 1651 3258 1707 3313; x_wconf 83' lang='lat' dir='ltr'><strong>C.</strong></span> <span class='ocrx_word' id='word_1_200' title='bbox 1747 3256 2114 3326; x_wconf 89' lang='lat' dir='ltr'><strong>Pomponium</strong></span> <span class='ocrx_word' id='word_1_201' title='bbox 2149 3256 2366 3310; x_wconf 83' lang='lat' dir='ltr'><strong>liberti·</strong></span> 
     </span>
     <span class='ocr_line' id='line_1_30' title="bbox 344 3328 2364 3398; baseline -0.001 -17"><span class='ocrx_word' id='word_1_202' title='bbox 344 3346 479 3381; x_wconf 88' lang='lat' dir='ltr'><strong>num</strong></span> <span class='ocrx_word' id='word_1_203' title='bbox 522 3328 756 3381; x_wconf 87' lang='lat' dir='ltr'><strong>mimum</strong></span> <span class='ocrx_word' id='word_1_204' title='bbox 796 3347 1002 3398; x_wconf 87' lang='lat' dir='ltr'><strong>magno</strong></span> <span class='ocrx_word' id='word_1_205' title='bbox 1041 3333 1204 3397; x_wconf 87' lang='lat' dir='ltr'><strong>natu,</strong></span> <span class='ocrx_word' id='word_1_206' title='bbox 1251 3329 1351 3398; x_wconf 90' lang='lat' dir='ltr'><strong>qui</strong></span> <span class='ocrx_word' id='word_1_207' title='bbox 1397 3330 1471 3383; x_wconf 87' lang='lat' dir='ltr'><strong>ad</strong></span> <span class='ocrx_word' id='word_1_208' title='bbox 1516 3329 1809 3383; x_wconf 87' lang='lat' dir='ltr'><strong>tibicinem</strong></span> <span class='ocrx_word' id='word_1_209' title='bbox 1845 3328 2097 3382; x_wconf 79' lang='lat' dir='ltr'><strong>saltaret.</strong></span> <span class='ocrx_word' id='word_1_210' title='bbox 2170 3328 2364 3395; x_wconf 86' lang='lat' dir='ltr'><strong>itaque</strong></span> 
     </span>
    </p>

    <p class='ocr_par' dir='ltr' id='par_1_10' title="bbox 345 3399 2364 3607">
     <span class='ocr_line' id='line_1_31' title="bbox 345 3399 2364 3481; baseline -0.001 -28.958"><span class='ocrx_word' id='word_1_211' title='bbox 345 3399 554 3467; x_wconf 89' lang='lat' dir='ltr'><strong>gaudio</strong></span> <span class='ocrx_word' id='word_1_212' title='bbox 597 3417 709 3452; x_wconf 90' lang='lat' dir='ltr'><strong>non</strong></span> <span class='ocrx_word' id='word_1_213' title='bbox 754 3400 1101 3481; x_wconf 81' lang='lat' dir='ltr'><strong>interruptae</strong></span> <span class='ocrx_word' id='word_1_214' title='bbox 1146 3401 1438 3470; x_wconf 87' lang='lat' dir='ltr'><strong>religionis</strong></span> <span class='ocrx_word' id='word_1_215' title='bbox 1477 3401 1690 3454; x_wconf 83' lang='lat' dir='ltr'><strong>editam</strong></span> <span class='ocrx_word' id='word_1_216' title='bbox 1725 3416 1922 3453; x_wconf 82' lang='lat' dir='ltr'><strong>uooem</strong></span> <span class='ocrx_word' id='word_1_217' title='bbox 1956 3416 2106 3453; x_wconf 86' lang='lat' dir='ltr'><strong>nunc</strong></span> <span class='ocrx_word' id='word_1_218' title='bbox 2141 3415 2364 3467; x_wconf 89' lang='lat' dir='ltr'><strong>quoque</strong></span> 
     </span>
     <span class='ocr_line' id='line_1_32' title="bbox 347 3469 2361 3540; baseline 0 -19"><span class='ocrx_word' id='word_1_219' title='bbox 347 3469 633 3521; x_wconf 85' lang='lat' dir='ltr'><strong>celebrari.</strong></span> <span class='ocrx_word' id='word_1_220' title='bbox 698 3475 759 3523; x_wconf 88' lang='lat' dir='ltr'><strong>at</strong></span> <span class='ocrx_word' id='word_1_221' title='bbox 796 3472 855 3522; x_wconf 91' lang='lat' dir='ltr'><strong>in</strong></span> <span class='ocrx_word' id='word_1_222' title='bbox 894 3472 997 3523; x_wconf 89' lang='lat' dir='ltr'><strong>hoc</strong></span> <span class='ocrx_word' id='word_1_223' title='bbox 1036 3471 1179 3524; x_wconf 84' lang='lat' dir='ltr'><strong>libro</strong></span> <span class='ocrx_word' id='word_1_224' title='bbox 1217 3472 1389 3526; x_wconf 90' lang='lat' dir='ltr'><strong>refert</strong></span> <span class='ocrx_word' id='word_1_225' title='bbox 1417 3472 1575 3525; x_wconf 90' lang='lat' dir='ltr'><strong>Sinni</strong></span> <span class='ocrx_word' id='word_1_226' title='bbox 1603 3470 1892 3540; x_wconf 84' lang='lat' dir='ltr'><strong>Capitonis</strong></span> <span class='ocrx_word' id='word_1_227' title='bbox 1928 3471 2120 3537; x_wconf 83' lang='lat' dir='ltr'><strong>uerba,</strong></span> <span class='ocrx_word' id='word_1_228' title='bbox 2157 3470 2361 3539; x_wconf 86' lang='lat' dir='ltr'><strong>quibus</strong></span> 
     </span>
     <span class='ocr_line' id='line_1_33' title="bbox 348 3490 2364 3607; baseline 0 -16"><span class='ocrx_word' id='word_1_229' title='bbox 348 3556 443 3591; x_wconf 87' lang='lat' dir='ltr'><strong>eos</strong></span> <span class='ocrx_word' id='word_1_230' title='bbox 490 3539 652 3590; x_wconf 85' lang='lat' dir='ltr'><strong>ludos</strong></span> <span class='ocrx_word' id='word_1_231' title='bbox 698 3541 1053 3607; x_wconf 78' lang='lat' dir='ltr'><strong>Apollinares</strong></span> <span class='ocrx_word' id='word_1_232' title='bbox 1099 3542 1334 3596; x_wconf 87' lang='lat' dir='ltr'><strong>Claudio</strong></span> <span class='ocrx_word' id='word_1_233' title='bbox 1382 3546 1440 3595; x_wconf 89' lang='lat' dir='ltr'><strong>et</strong></span> <span class='ocrx_word' id='word_1_234' title='bbox 1485 3490 1719 3595; x_wconf 82' lang='lat' dir='ltr'><strong>Fuluiop</strong></span> <span class='ocrx_word' id='word_1_235' title='bbox 1730 3559 1840 3595; x_wconf 87' lang='lat' dir='ltr'><strong>cos</strong></span> <span class='ocrx_word' id='word_1_236' title='bbox 1883 3541 2064 3594; x_wconf 83' lang='lat' dir='ltr'><strong>factos</strong></span> <span class='ocrx_word' id='word_1_237' title='bbox 2111 3540 2254 3595; x_wconf 87' lang='lat' dir='ltr'><strong>dicit</strong></span> <span class='ocrx_word' id='word_1_238' title='bbox 2299 3557 2364 3593; x_wconf 83' lang='lat' dir='ltr'><strong>ex</strong></span> 
     </span>
    </p>
   </div>
  </div>
 </body>
</html>
