2610 4007
880 153 1248 209 oAEcmws
1287 153 1587 208 sTA'rrvs
2099 138 2102 141 ’
2156 156 2245 221 55

214 314 447 368 facere
494 313 910 383 Eutychum'
959 316 1297 385 (eutycum
1342 314 1560 369 Monac.
1607 333 1678 367 m.
1713 319 1740 367 1
1794 316 1944 369 recte
2000 315 2247 385 euthy-

213 403 358 440 cum
394 385 617 439 Veneta
671 384 1024 439 euthicum
1059 385 1371 452 Wolfenb.‚
1419 387 1477 439 et
1524 384 1602 439 sic
1648 384 1811 440 infra.
1888 385 2247 441 enthinum

213 457 377 510 Laur.
428 462 527 525 52,
577 461 605 508 1
665 455 1077 512 Aeschinum
1141 459 1197 510 et
1260 456 1411 510 infra
1464 456 1845 510 Aeschinus
1895 457 2241 526 Spengelius.

211 528 387 582 Deest
423 526 581 581 locus
618 527 679 580 in
715 528 945 598 Lagom.
977 530 1066 598 26)
1108 527 1369 581 ‘filium
1404 527 1761 596 rusticum,
1810 544 2007 595 quam
2044 527 2248 584 illum

209 598 515 653 alterum
559 597 1157 655 Chaerestratum?
1201 616 1353 653 nam
1399 602 1473 652 ut
1520 597 1762 668 opinor
1807 598 1931 654 hoc
1971 598 2244 655 nomine

213 673 335 724 est.
415 669 710 724 alterum
764 670 833 723 in
877 669 1041 724 urbe
1089 685 1312 724 secum
1355 670 1637 725 honoris
1696 687 1906 724 causa
1960 670 2242 740 habere,

212 741 512 795 alterum
556 758 667 794 rus
716 741 1048 811 supplicii
1086 758 1293 796 causa
1328 741 1729 812 relegasse‘?
1872 757 2037 796 nemo
2075 742 2241 797 uobis

208 812 396 882 magis
439 813 610 865 notus
655 811 876 866 futurus
924 812 999 866 sit
1044 829 1215 880 quam
1260 815 1348 867 est
1391 812 1484 866 hic
1520 812 1834 882 Eutychus,
1885 815 1943 867 et
1979 815 2130 867 certe
2169 814 2244 867 ad

209 900 330 938 rem
365 882 517 938 nihil
552 882 700 937 inter
737 883 812 937 sit
847 886 1036 937 utrum
1071 884 1219 937 hunc
1257 900 1362 954 ego
1402 883 1676 939 comicum
1713 883 2131 939 adulescentem
2167 901 2242 939 an

212 954 466 1022 aliquem
504 970 573 1007 ex
610 971 745 1023 agro
781 954 1018 1009 Veiente
1053 954 1379 1009 nominem.’
1440 954 1654 1020 Quibus
1690 955 1843 1024 quod
1880 955 2044 1009 addit
2080 955 2241 1010 scho-

208 1025 385 1080 liasta
405 1024 796 1079 Gronovianus
820 1044 875 1095 p.
895 1032 999 1079 429
1022 1025 1110 1081 Or.
1145 1026 1320 1095 ‘apud
1340 1025 1645 1081 Caecilium
1671 1026 2240 1096 comoediographum

208 1095 504 1150 inducitur
553 1100 718 1166 pater
762 1097 994 1165 quidam
1037 1096 1134 1165 qui
1178 1097 1434 1151 habebat
1479 1097 1619 1151 duos
1665 1097 1835 1167 filios,
1892 1100 1960 1152 et
2014 1097 2236 1167 illum,

209 1184 407 1236 quem
455 1167 612 1222 odio
656 1168 981 1236 habebat,
1039 1184 1263 1222 secum
1307 1168 1636 1235 habebat,
1693 1185 1886 1236 quem
1932 1169 2237 1238 amabat,

208 1238 353 1292 ruri
395 1238 605 1294 dedit.
662 1255 796 1310 ergo
824 1239 1002 1308 uides,
1040 1238 1176 1308 quia
1203 1239 1421 1293 amauit
1447 1238 1713 1294 Roscium
1738 1243 1917 1309 pater,
1957 1239 2238 1308 siquidem

207 1309 360 1366 hunc
399 1309 553 1380 agris
591 1309 863 1380 dederat,'
902 1310 963 1364 id
997 1310 1180 1380 magis
1219 1327 1286 1364 ex
1322 1310 1550 1380 ingenio
1580 1310 2037 1365 commentatoris
2065 1326 2237 1380 quarn

208 1398 275 1436 ex
331 1383 492 1435 certa
547 1380 787 1435 scientia
838 1381 1061 1436 fluxisse
1116 1381 1355 1436 videtur.
1433 1381 1845 1435 ‘Menandrum'
1905 1398 2039 1435 sane
2095 1382 2238 1437 dicit

208 1451 597 1517 Quintilianus
634 1452 661 1506 Ι
699 1458 781 1522 10,
823 1458 914 1509 18:
965 1454 1051 1507 ‘et
1095 1453 1247 1522 apud
1282 1452 1653 1507 Menandrum
1689 1451 1749 1505 in
1785 1451 2234 1521 Hypobolimaeo

206 1539 419 1578 senex
453 1523 849 1592 reposcenti
884 1522 1115 1577 filium
1145 1523 1339 1605 patri
1367 1523 1560 1577 uelut
1596 1522 1935 1577 rationem
1972 1522 2236 1592 impen-

208 1594 502 1664 diorum,
551 1610 722 1662 quae
768 1593 838 1648 in
882 1595 1364 1650 educat1onem
1411 1594 1832 1663 contulerat,
1883 1611 2233 1664 opponens

205 1665 467 1735 psaltis
505 1682 572 1719 se
610 1668 678 1719 et
710 1666 1081 1748 geometris
1117 1667 1332 1720 multa
1370 1665 1546 1719 dicit
1583 1664 1912 1733 dedisse,’
1965 1665 2063 1719 sed
2099 1664 2232 1720 inde

205 1753 346 1791 cave
384 1736 690 1791 concludas
726 1755 787 1790 m
823 1736 1145 1792 Caeciliana
1179 1737 1378 1792 fabula
1415 1754 1544 1792 eum
1578 1736 1764 1791 locum
1799 1753 1914 1791 non
1950 1735 2231 1792 extitisse:

204 1824 334 1861 cum
370 1807 524 1862 enim
557 1807 619 1861 in
656 1824 722 1862 eo
758 1808 835 1863 sit
871 1807 1272 1879 QuintilianuS,
1310 1811 1375 1863 ut
1402 1807 1650 1876 antiquis
1680 1807 1854 1862 etiam
1881 1807 2232 1877 temporibus

202 1878 483 1933 musicam
520 1879 865 1934 demonstret
899 1879 1142 1934 maximo
1178 1879 1240 1933 in
1275 1880 1487 1935 honore
1532 1878 1730 1948 fuisse,
1775 1882 1950 1933 testes
1986 1878 2228 1961 primum

203 1950 410 2005 laudat
426 1950 668 2006 Graecos
696 1950 968 2022 homines,
987 1953 1109 2006 tum
1128 1951 1353 2006 demum
1380 1951 1454 2006 ad
1472 1952 1850 2009 Romanorum
1869 1949 2228 2021 disclplinam

205 2021 432 2077 transit.
506 2021 762 2076 Ceterum
798 2024 869 2077 de
906 2025 1236 2092 argumento
1275 2022 1394 2076 dixi
1430 2023 1491 2076 in
1527 2022 1878 2077 enarratione
1915 2040 2042 2077 mea
2080 2039 2227 2091 quae

202 2097 293 2147 est
328 2094 401 2147 de
438 2093 678 2163 Agroeci
712 2110 954 2164 persona
987 2113 1043 2163 p.
1075 2100 1141 2148 10
1170 2112 1251 2163 sq.
1308 2093 1814 2163 Hypobolimaeum
1850 2093 1949 2162 qui
1987 2111 2021 2148 a
2056 2094 2225 2148 Festo

202 2163 416 2219 dicitur
452 2163 907 2219 Chaerestratum
953 2182 1078 2219 cum
1128 2164 1372 2234 simplici
1425 2164 1871 2234 Hypobolimaeo
1927 2164 2225 2219 convenire

203 2235 516 2290 Grauertus
565 2235 727 2290 Anal.
767 2242 828 2290 81
872 2235 1137 2305 coniecit,
1195 2236 1348 2305 quod
1398 2235 1677 2291 Ciceronis
1731 2252 1898 2303 quem
1954 2235 2226 2316 descripsi

200 2307 327 2361 loco
355 2306 732 2363 confirmatur.
787 2307 931 2361 Item
956 2323 1101 2375 quae
1129 2307 1609 2377 Hypobolimaeae
1637 2305 1961 2360 Rastrariae
1996 2323 2224 2360 nomme

199 2378 373 2448 vulgo
410 2377 691 2444 feruntur,
743 2378 817 2431 ad
868 2378 1106 2433 eandem
1139 2378 1573 2448 Hypobolimaei
1623 2377 1740 2432 sive
1790 2376 2226 2446 Hypobolimaei

199 2448 586 2504 Chaerestrati
619 2448 875 2503 fabulam
908 2449 1191 2519 pertinere
1226 2449 1380 2504 idem
1416 2449 1502 2502 vir
1539 2449 1736 2502 doctus
1775 2447 1994 2503 statuit.
2060 2448 2222 2503 Certe

199 2519 452 2588 quodam
497 2520 664 2574 modo
710 2520 1049 2575 conveniunt
1092 2520 1242 2575 inter
1295 2537 1355 2574 se
1399 2520 1542 2590 Hyp.
1582 2520 1608 2573 I
1664 2523 1722 2574 et
1775 2519 1917 2588 Hyp.
1958 2520 2143 2573 Rastr.
2180 2520 2223 2589 I,

199 2592 346 2660 Hyp.
384 2590 439 2644 V
476 2593 533 2644 et
577 2590 720 2660 Hyp.
759 2592 946 2646 Rastr.
979 2592 1058 2661 Π,
1104 2592 1248 2661 Hyp.
1286 2592 1366 2646 IV
1403 2595 1459 2646 et
1495 2591 1639 2660 Hyp.
1677 2592 1860 2645 Rastr.
1899 2590 1978 2644 IV
2013 2590 2082 2659 V,
2119 2606 2224 2644 nec

200 2663 535 2716 adversatur
568 2660 839 2716 librorum
872 2661 1195 2717 auctoritas.
1249 2662 1448 2731 Itaque
1476 2665 1589 2717 tres
1619 2660 1870 2716 eiusdem
1897 2660 2223 2716 comoediae

199 2733 404 2787 titulos
431 2733 729 2789 habemus:
766 2733 1402 2804 Hypobolimaeum,
1442 2750 1609 2802 quem
1641 2731 2046 2787 ‘subditiuum’
2078 2750 2222 2787 nun-

196 2807 374 2874 cupat
429 2803 642 2858 Gellius
695 2804 761 2859 fr.
799 2805 852 2859 V
896 2807 954 2860 et
1013 2804 1184 2860 semel
1244 2805 1331 2876 (fr.
1369 2805 1466 2875 IV)
1529 2803 1774 2871 Nonius,
1839 2803 2223 2873 Hypoboli-

198 2874 1171 2945 maeumChaerestratum,Hy
1228 2874 2223 2946 obolimaeum(Hypobolimaeam

198 2946 375 3001 semel
428 2945 496 3001 fr.
523 2946 602 3000 VI
650 2947 743 3001 vel
790 2946 881 3000 bis
935 2979 997 2988 —
1050 2947 1116 3001 fr.
1145 2895 1304 3001 Vp—

199 3016 540 3072 strariam.
594 3017 890 3072 Rastraria
918 3021 1107 3072 autem
1133 3017 1378 3072 indicem
1404 3020 1593 3072 utrum
1618 3019 1790 3086 poeta
1824 3016 1946 3086 ipse
1984 3017 2221 3087 dederit,

196 3089 352 3156 quod
398 3087 703 3142 Grauertus
747 3088 954 3158 voluit,
1004 3106 1078 3143 an
1121 3088 1478 3159 grammatici
1522 3088 1711 3157 potius
1759 3086 2221 3158 excogitaverint,

194 3162 261 3214 ut
298 3159 546 3213 affirmat
582 3156 924 3214 Bitschelius
960 3161 1182 3231 Parerg.
1219 3161 1247 3214 I
1280 3179 1335 3229 p.
1373 3160 1494 3229 XV,
1539 3163 1662 3214 tum
1712 3159 1935 3213 demum
1978 3159 2222 3229 perspici

192 3234 411 3300 posset,
459 3230 523 3283 ni
568 3230 760 3300 fallor,
808 3230 857 3285 si
903 3231 973 3285 de
1020 3235 1350 3302 argumento
1394 3231 1522 3301 plus
1569 3232 1867 3285 constaret.
1943 3231 2033 3285 Ita
2070 3230 2221 3285 enim

193 3304 1083 3428 &fspffiffianssffefflfiessffir0
1099 3301 2221 3442 &ffessssnffrrssssessiffnssfflffl0ffiffi

146 3455 155 3463 '
193 3447 385 3513 potest
417 3443 623 3498 titulus
660 3446 912 3498 mutatus
949 3443 1138 3499 fuisse.
1179 3478 1247 3485 —
1283 3443 1897 3515 Hypobolimaeum
1932 3444 2220 3497 Aeschi-

193 3533 344 3569 num
391 3518 572 3584 recte,
619 3518 684 3569 ut
727 3515 967 3584 videtur,
1016 3515 1087 3569 ab
1134 3516 1222 3569 his
1269 3515 1661 3570 discriminant
1705 3513 2010 3569 Grauertus
2055 3534 2110 3584 p.
2153 3521 2218 3570 79

1340 2946 1514 3001 Nonii
1561 2945 1696 3000 libri
1744 2946 2040 3016 praebent)
2091 2947 2223 3001 Ra-
