2610 4007
315 175 445 240 238
487 146 492 152 ’
1094 178 1153 232 L.
1188 177 1557 232 AFRAmvs

452 335 672 390 Nonius
710 342 796 405 76,
832 341 866 391 8
917 337 1024 391 ‘ad
1070 354 1201 406 quo
1246 355 1349 408 pro
1394 337 1456 392 in
1501 340 1817 408 quantum?

455 456 604 511 aquo
642 441 787 497 F¹L

1295 544 1359 601 H

1487 647 1642 692 caue
1676 647 1766 692 ne
1810 627 2114 713 pendeas,

207 728 410 797 280'Si'
450 732 595 797 fuas
642 733 710 797 in
756 732 1149 818 quaestione.

449 853 669 908 Nonius
702 860 821 924 111,
853 861 920 909 324
959 855 1197 924 ‘fuam‚
1233 854 1345 909 sim
1379 855 1475 910 uel
1511 856 1644 911 fiam
1683 901 1695 913 .
1719 901 1766 913 ..
1806 856 2074 911 Afranius
2110 857 2350 911 Promot

311 926 472 979 caue’
504 942 551 980 e.
581 942 633 993 q.
664 943 708 979 s.

1275 1042 1372 1101 111

311 1195 323 1207 .
370 1164 490 1227 pro
535 1141 832 1207 manibus
878 1142 1067 1208 credo
1112 1142 1349 1208 habere
1395 1165 1516 1230 ego
1561 1143 1713 1209 illos
1756 1143 2213 1231 tentipellium.

449 1262 649 1318 Festus
681 1278 740 1333 p.
770 1268 873 1317 364
907 1262 984 1317 M.
1027 1262 1526 1334 ‘tentipellium
1560 1264 1817 1319 Artorius
1859 1266 2027 1334 putat
2064 1281 2188 1319 esse
2225 1264 2346 1319 cal-

308 1334 649 1389 ciamentum
694 1334 988 1401 ferratum,
1035 1351 1146 1403 quo
1191 1334 1370 1405 pelles
1416 1336 1819 1406 extenduntur,
1867 1336 2128 1406 idemque
2174 1336 2345 1391 Asta-

308 1406 467 1461 nium
504 1405 713 1460 dixisse
750 1405 812 1459 in
847 1406 1075 1463 Promo:
1112 1407 1236 1475 pro’
1270 1423 1317 1462 e,
1348 1424 1401 1476 q.
1433 1425 1475 1464 s.

459 1513 554 1569 Vel
588 1530 722 1567 nam
757 1515 817 1582 (8.
846 1512 964 1583 pol)
1008 1529 1110 1582 pro
1146 1515 1231 1568 vel
1265 1529 1478 1583 proque
1514 1516 1679 1569 initio
1714 1531 1900 1570 versus
1933 1515 2106 1583 fuisse
2134 1521 2344 1585 μυίαις

306 1584 495 1639 hercle
533 1592 660 1640 ante
695 1584 904 1639 habere
940 1586 1211 1640 inserebat
1248 1587 1495 1640 Kochius

1167 1787 1470 1849 PROSA?

1302 1913 1337 1972 I

302 2013 456 2082 Non
500 2019 643 2079 slim
688 2018 822 2079 tam
870 2015 1238 2099 criminosa,
1287 2036 1481 2098 quam
1528 2018 1628 2099 tu,
1672 2013 1923 2098 uipera:

306 2120 586 2188 Ganm're
634 2121 715 2186 ad
759 2144 977 2187 aurem
1022 2125 1376 2205 numquam
1426 2120 1618 2184 didici
1666 2120 2069 2185 dominicam.

441 2243 689 2298 Isidorus
719 2243 894 2298 differ.
925 2247 993 2297 86
1034 2242 1360 2297 ‘criminans
1398 2244 1607 2312 autem,
1646 2242 1743 2310 qui
1781 2242 1991 2296 crimen
2028 2241 2238 2297 inferat
2274 2246 2342 2298 et

302 2330 430 2369 cum
474 2314 790 2384 suspicione
836 2331 1059 2382 quoque
1103 2313 1165 2366 id
1210 2313 1412 2382 faciat,
1461 2330 1575 2381 qua
1619 2329 1679 2367 re
1724 2313 1851 2381 quis
1895 2313 2080 2383 magis
2126 2313 2337 2369 noxius

300 2385 587 2455 uideatur,
634 2388 700 2439 ut
735 2385 1000 2440 Afranius
1046 2402 1161 2440 non
1203 2402 1351 2454 sum,
1398 2384 1610 2453 inquit,
1656 2385 1797 2439 tam'
1831 2400 1877 2440 e.
1908 2402 1961 2453 q.
1994 2402 2034 2439 s,
2109 2385 2338 2439 Nonius

299 2463 424 2526 460,
464 2463 527 2510 11
581 2456 898 2527 ‘gannire
948 2473 1074 2510 cum
1120 2455 1197 2510 sit
1239 2456 1466 2526 proprie
1511 2473 1713 2510 canum
1761 2500 1772 2511 .
1806 2501 1816 2511 .
1851 2499 1861 2510 .
1912 2455 2087 2510 etiam
2132 2456 2337 2511 huma-—

299 2546 433 2583 nam
469 2545 665 2583 uocem
711 2526 970 2582 nonnulli
1014 2526 1316 2597 gannitum
1351 2529 1711 2582 uocauerunt.
1788 2526 2054 2581 Afranius
2090 2526 2333 2584 Prosae

300 2599 589 2670 gannire
752 2598 1010 2653 didici.’
1085 2599 1316 2670 (Persa
1352 2599 1438 2653 ed.
1476 2616 1586 2667 pr„
1631 2597 1898 2668 probavit
1931 2596 2334 2654 Neukirchius.

300 2673 351 2725 R
361 2688 394 2726 o
407 2689 432 2725 s
445 2687 483 2726 a
516 2670 746 2741 Aldina)

1284 2785 1348 2844 H

302 2886 559 2952 Gallum
604 2892 928 2975 sagatum,
973 2888 1204 2974 pingui
1248 2891 1508 2972 pastum
1552 2886 1741 2951 taxea

440 3009 686 3064 Isidorus
717 3008 867 3080 Orig.
894 3008 996 3063 XX
1022 3015 1073 3077 2,
1103 3014 1173 3062 24
1205 3009 1442 3062 ‘taxea
1469 3007 1712 3061 lardum’
1744 3006 2006 3079 (‘lardus’
2037 3007 2326 3063 Wolfenb.

297 3082 516 3136 Monac.
548 3081 805 3136 German.
842 3087 961 3136 805.
1002 3083 1126 3150 806)
1167 3080 1277 3134 ‘est
1315 3078 1531 3134 Gallice
1571 3078 1798 3134 dictum.
1864 3078 2027 3133 Vnde
2066 3081 2124 3133 et
2161 3079 2328 3133 Afra-

298 3154 425 3207 nius
463 3152 523 3206 in
559 3152 762 3209 Rosa:
800 3153 1037 3223 gallum’
1070 3168 1115 3206 e.
1147 3169 1201 3219 q.
1232 3169 1273 3206 s,
1314 3156 1537 3220 (prosa
1573 3150 1817 3220 Monac.)

441 3262 701 3331 sagatum
733 3261 838 3316 θα.
869 3262 975 3329 ab,
1013 3261 1093 3315 ed.
1116 3276 1206 3327 pr.
1235 3258 1331 3328 II,
1370 3258 1644 3313 Arevalus
1679 3256 2003 3326 saginatum
2040 3263 2207 3312 antea

1259 3445 1355 3503 III

190 3547 321 3611 284¹
341 3551 668 3630 praeterea
759 3598 771 3609 .
864 3596 876 3609 .
1077 3543 1303 3632 (reses)
