2610 4007
869 149 1237 205 CAECILIVS
1274 150 1575 205 STATIVS
2104 187 2111 194 ·
2141 151 2229 215 43

1191 318 1255 377 H

206 418 305 483 Ad
348 417 591 484 amicos
638 422 856 502 curret
900 422 1281 509 mutuatum.
1335 457 1416 466 —
1461 419 1719 484 Mutuet

203 524 347 590 Mea
392 530 601 590 caiisa.

202 718 295 773 ad,
343 646 566 701 Nonius
592 653 726 715 474,
758 653 786 701 1
835 649 1099 700 mutuet
1141 650 1399 702 mutuum
1436 649 1636 703 sumat.
1714 645 1990 701 Caecilius
2027 647 2230 702 Asotot

340 734 387 773 e.
418 736 474 786 q.
504 736 545 774 s.

347 830 375 878 1
409 842 488 895 sq.
525 827 892 895 septenam-ium
926 826 1247 880 continuare
1282 827 1482 882 maluit
1516 845 1640 883 cum
1673 828 1877 882 Bothio
1912 826 2230 897 Spenqelius

347 902 381 948 2
411 912 585 950 causa
610 912 737 950 mea
753 898 818 950 in
837 899 1116 952 octonario
1141 896 1432 967 Quicherat
1535 900 1634 953 An
1649 900 1756 954 sibi
1772 900 1886 967 ipse
1903 895 2227 967 respondet?

1171 1046 1266 1105 III

195 1145 340 1212 Iam
386 1146 630 1210 dudum
675 1146 1023 1231 depopulzit
1064 1146 1404 1212 macellum

342 1267 565 1321 Nonius
590 1272 725 1335 471,
758 1273 823 1320 16
866 1268 1184 1337 ‘populat
1232 1271 1320 1322 est
1363 1270 1422 1322 eb
1466 1268 1755 1337 passiuum
1787 1267 2163 1339 populatur..
2186 1270 2222 1325 .'

344 1373 617 1443 depoplat
648 1376 716 1455 βίη
751 1376 967 1430 senario
1009 1374 1069 1429 0.
1099 1375 1463 1446 Bruqmanus
1493 1392 1551 1444 p.
1580 1381 1649 1429 48

1172 1524 1262 1583 IV

194 1625 345 1690 Tun
391 1624 523 1689 ism
569 1624 857 1711 callebis‚
900 1624 1011 1690 ssle
1057 1625 1261 1691 festus
1308 1626 1592 1691 desidet?

342 1745 562 1800 Nonius
591 1751 711 1815 258,
743 1752 811 1800 10
850 1747 1097 1801 ‘callet
1133 1747 1308 1802 etiam
1344 1746 1572 1802 dictum·
1598 1765 1632 1802 a
1668 1747 2029 1804 callositate?

341 1856 448 1907 tun
490 1854 690 1922 scripsi
738 1855 873 1907 tunc
909 1855 966 1908 B
1020 1856 1143 1908 tum
1178 1875 1221 1924 φ
1277 1856 1343 1908 tu
1378 1856 1541 1927 vulyo
1661 1854 1869 1908 festum
1915 1856 2227 1913 Palmerius

192 1925 378 1980 fessus
416 1924 660 1996 Scaliqer
1187 2005 1243 2062 V

191 2104 629 2171 Merebi'ssimo
673 2103 781 2170 1110
825 2127 928 2170 me
975 2106 1163 2170 eiecit
1208 2128 1287 2170 ex
1333 2106 1453 2171 hac
1499 2106 1769 2171 decuria.
1873 2097 1874 2100 ¹
2260 2123 2328 2171 15

336 2234 558 2289 Nonius
589 2241 710 2304 139,
740 2241 808 2290 19
848 2234 1345 2292 ‘meritissima
1420 2235 1702 2305 Turpilius
1749 2237 2086 2291 Paraterusa
2123 2237 2219 2309 [Π]

192 2306 474 2362 Caecilius
520 2307 724 2361 Asotoz
780 2306 1172 2361 meretissimo’
1223 2323 1268 2362 e.
1309 2326 1361 2376 q.
1402 2326 1443 2362 s.
1527 2306 1873 2377 (‘Turpu]ius
1926 2309 2220 2377 paraterus

190 2376 589 2433 meretissimo’
631 2377 831 2431 mediis
870 2377 1090 2432 omissis
1126 2378 1346 2449 Bamb.)
1420 2377 1499 2432 cf.
1537 2378 1728 2433 Plauti
1762 2378 1913 2435 Pers.
1944 2385 2064 2435 143.

337 2491 710 2547 meretissimo
747 2495 842 2548 Ba
876 2492 1235 2548 meritissimo
1274 2514 1318 2563 φ

213 2669 221 2678 ·
1164 2643 1251 2702 VI

190 2744 492 2830 Nihilne,
539 2744 637 2809 nil
680 2745 806 2810 tibi
853 2747 987 2810 esse
1036 2745 1209 2830 quod
1254 2744 1471 2809 edim?
1517 2795 1530 2808 .
1583 2795 1595 2809 .
1643 2796 1656 2809 .

333 2865 556 2920 Nonius
586 2872 707 2937 507,
737 2873 771 2921 4
812 2866 1023 2921 ‘edim
1058 2883 1158 2936 pro
1197 2866 1401 2920 edam!

330 2972 481 3026 m'hil
518 2972 675 3027 nehil
712 2972 800 3028 H¹
815 2973 868 3027 L
904 2972 1119 3027 nihilne
1157 2975 1250 3028 Ba
1286 2972 1503 3026 nihilne
1540 2972 1684 3026 nihil
1722 2993 1765 3042 φ
1912 2972 2062 3041 edim
2095 2975 2218 3030 edd.

192 3043 325 3097 dedi
362 3044 453 3098 ΗἸ
491 3043 584 3098 edi
621 3065 664 3114 φ

1142 3122 1261 3182 VH

191 3223 257 3290 N
258 3223 380 3289 ihss
424 3224 565 3289 fore
612 3225 808 3309 opino
853 3225 1023 3290 inter
1065 3247 1168 3290 me
1215 3228 1408 3308 atque
1454 3225 1640 3290 illum
1687 3276 1701 3290 .
1748 3277 1763 3290 .
1810 3274 1826 3290 .

331 3345 552 3400 Nonius
580 3352 705 3415 475,
732 3351 768 3400 4
810 3345 1045 3416 ‘opino
1080 3363 1181 3417 pro
1222 3346 1422 3415 opinor
1451 3390 1464 3402 .
1487 3389 1499 3402 .
1523 3348 1557 3400 .’

329 3454 552 3510 lambos
597 3453 878 3522 discripsit
922 3454 1264 3525 Spenyelius,
1320 3454 1595 3510 trochaeos
1632 3453 1814 3524 posito
1859 3452 1942 3506 nil
1978 3454 2219 3512 Bothius

297 3524 488 3594 opinio
524 3525 624 3580 Ba
729 3539 820 3577 me
856 3523 951 3581 Ba
970 3525 1039 3580 H
1074 3540 1201 3578 mea
1236 3545 1279 3594 φ
