2610 4007
396 188 533 255 264
1175 190 1236 245 L.
1269 190 1639 245 AFRANIVS

398 353 459 405 et
501 349 601 404 ille
652 365 888 403 seruus
937 349 1333 418 respondet:
1389 349 1567 404 hona
1614 348 1921 419 fortuna,
1968 349 2028 404 id
2075 354 2162 406 est
2206 349 2420 421 nullus,

399 420 563 489 quasi
616 437 734 475 rem
788 421 986 474 duram
1039 419 1196 474 dictu
1247 419 1442 474 mitius
1497 420 1680 476 dixit?
1776 421 2060 476 Charisius
2113 440 2166 492 p.
2202 427 2302 476 247
2349 422 2417 477 Ρ.

403 490 849 546 ‘charientismos
887 493 973 545 est
1019 490 1194 545 dictio
1233 507 1337 560 per
1371 507 1439 545 ea
1475 508 1620 560 quae
1659 495 1827 562 grata
1862 496 1993 547 sunt
2028 492 2186 547 aliud
2220 491 2423 547 dicens

400 563 557 618 aliud
585 561 924 633 significans,
960 563 1026 616 ut
1063 578 1190 616 cum
1225 561 1634 632 interrogamus
1670 580 1825 617 num
1860 563 2013 633 quis
2049 581 2169 618 nos
2203 579 2419 632 quae·-

398 633 602 689 sierit
638 635 697 688 et
731 632 1099 703 respondetur
1132 633 1311 687 bona
1355 633 1660 703 fortuna,
1706 635 1856 688 unde
1892 633 2269 705 intelleff’mus
2301 651 2422 693 nos

396 705 678 760 neminem
722 703 1048 774 quaesisse.’
1125 703 1346 758 Similia
1381 703 1679 759 Diomedes
1714 723 1770 775 p.
1798 711 1904 761 458
1940 705 2029 774 P.‚
2075 705 2281 762 Donati
2319 722 2420 760 ars

396 775 621 901 ixnquL
649 775 727 831 IV
752 781 856 831 402
885 775 970 845 K„
1008 774 1217 830 scheda
1243 775 1598 831 Monacensis
1626 775 1783 831 edita
1818 793 1854 833 a
1882 777 2175 848 Spengelio
2203 775 2416 832 Philol.

540 949 569 997 1
627 941 872 1012 quaesiit
925 942 1059 998 Pwr.
1106 943 1182 1012 P,
1243 942 1465 999 Samten.
1531 943 1817 1012 quaesiuit
1875 966 1919 1016 φ
2118 946 2421 1015 Disposuit

393 1031 645 1071 numeros
679 1031 721 1070 x
762 1031 898 1070 mus.
934 1014 1109 1070 Rhen.
1149 1020 1234 1084 20,
1272 1019 1377 1070 374

1299 1173 1505 1232 XXIII

284 1275 396 1325 430
415 1254 743 1342 cupiluci*

537 1377 716 1433 Varro
755 1377 823 1433 de
859 1377 1044 1432 1.1.V
1073 1382 1139 1431 25
1175 1377 1251 1433 M.
1293 1378 1473 1432 ‘extra
1519 1376 1729 1460 oppida
1774 1395 1812 1432 a
1853 1379 2037 1449 puteis
2079 1378 2417 1449 puticuli‚

396 1449 549 1518 quod
584 1448 667 1503 ibi
693 1448 754 1502 in
788 1447 973 1518 puteis
1012 1447 1393 1502 obruebantur
1427 1448 1699 1518 hommes,
1734 1448 1846 1503 nisi
1880 1449 2085 1519 potius,
2122 1453 2188 1504 ut
2214 1450 2418 1505 Aelius

399 1519 619 1589 scribit,
656 1519 942 1590 puticulae
980 1519 1132 1587 quod
1165 1519 1539 1589 pubescebant
1573 1519 1657 1574 ibi
1692 1520 1973 1575 cadauera
2002 1520 2275 1590 proiecta,
2313 1521 2420 1590 qui

396 1591 552 1646 locus
597 1590 856 1662 publicus
910 1589 1061 1644 ultra
1109 1589 1419 1659 Exquilias.
1500 1590 1696 1659 itaque
1750 1607 1878 1646 eum
1921 1591 2186 1647 Afranius
2232 1592 2420 1646 cuti-

394 1663 585 1717 lucos
639 1662 700 1716 in
743 1663 943 1732 togata
987 1660 1260 1731 appellat,
1318 1661 1469 1729 quod
1513 1660 1645 1716 inde
1690 1661 2001 1732 suspiciunt
2052 1679 2154 1732 per
2205 1665 2417 1732 puteos

396 1733 626 1787 lumen.’
675 1735 821 1803 (per
877 1736 1072 1787 etuos
1111 1732 1180 1799 F,
1226 1748 1363 1786 corr.
1404 1730 1670 1787 Grothius
1719 1735 2049 1803 perpetuo
2095 1734 2303 1788 Laetus

398 1802 741 1858 cutilucos
795 1751 928 1857 hzri
980 1802 1332 1872 puticulos
1384 1803 1590 1857 Laetus
1645 1803 2074 1873 putil'uculos
2128 1805 2175 1858 B
2228 1805 2419 1887 peti-

396 1874 586 1929 lucos
622 1873 715 1998 {fl
751 1873 1105 1944 cupilucos
1143 1873 1395 1943 conieci).
1458 1873 1538 1929 cf.
1564 1873 1765 1929 Festus
1793 1874 1956 1930 Pauli
1984 1894 2024 1931 s.
2045 1893 2097 1931 v.
2125 1876 2422 1946 puticulos

395 2134 586 2200 nauci
633 2135 781 2199 dare

538 2255 819 2312 Ausonius
857 2258 1000 2311 cent.
1037 2259 1193 2327 nupt.
1230 2256 1405 2327 praef.
1447 2256 1569 2325 ‘pro
1606 2256 1740 2326 quo’
1780 2258 1878 2325 (sc.
1907 2258 2165 2326 centone)
2204 2256 2277 2311 ‘si
2311 2273 2425 2327 per

395 2326 673 2398 sigillaria
697 2326 759 2382 in
786 2327 1045 2382 auctione
1071 2327 1304 2397 ueniret,
1334 2343 1515 2396 neque
1542 2326 1809 2382 Afranius
1834 2328 2067 2382 nauci’
2100 2331 2416 2397 (naucum

395 2398 725 2469 Salmasius)
765 2398 984 2453 ‘daret
1017 2413 1120 2453 nec
1157 2398 1372 2453 ciccum
1407 2415 1568 2452 suum
1603 2398 1838 2453 Plautus
1876 2398 2136 2454 offerret.’

403 2650 416 2663 .
505 2650 518 2663 .
596 2649 608 2663 .
1320 2566 1463 2625 XX}

398 2671 759 2735 lpslssmus

537 2768 834 2839 Pompeius
883 2769 945 2824 in
995 2769 1128 2826 CGL
1165 2769 1218 2825 V
1258 2775 1361 2824 153
1408 2769 1474 2825 Κ.
1526 2770 1619 2824 ‘ea
1672 2773 1861 2826 autem
1915 2787 2059 2839 quae
2111 2788 2226 2826 non
2280 2775 2421 2826 sunt

396 2840 694 2911 qualitatis
730 2844 788 2895 et
822 2840 1158 2909 quantitatis
1171 2885 1185 2911 ‚
1221 2857 1336 2896 non
1372 2840 1650 2910 recipiunt
1684 2841 2156 2911 conparationem.
2229 2841 2317 2897 Ne
2353 2845 2418 2897 te

394 2912 684 2983 decipiant
704 2911 838 2966 illa
864 2912 1191 2967 Plautina
1219 2914 1286 2966 et
1312 2911 1692 2967 Afraniana
1718 2914 1954 2982 uerba,
1987 2912 2407 2982 ipsissimus3

394 2984 518 3038 ioco
547 2982 757 3038 comico
784 2984 891 3038 hoc
919 2982 1078 3038 dixit.
1143 2985 1231 3038 est
1267 2982 1441 3038 etiam
1477 2983 1628 3053 apud
1656 2982 1897 3038 Graecos
1935 2984 2240 3049 αὐτότατος
2273 2984 2414 3040 tale.

394 3054 612 3111 comica
646 3056 778 3109 sunt
811 3053 926 3109 ista
961 3057 1019 3109 et
1055 3054 1129 3109 ad
1167 3056 1346 3109 artem
1379 3071 1493 3108 non
1526 3052 1851 3123 pertinent?

1275 3220 1525 3282 XXV0?

392 3308 698 3373 ieientare

536 3418 754 3475 Nonius
791 3423 922 3486 126,
964 3423 1031 3472 10
1081 3415 1468 3472 ‘ieientare
1542 3416 1806 3472 Afranius
1843 3434 1962 3499 *.**.
1986 3418 2418 3494 (Pomponius)

392 3492 652 3546 Buccone
679 3489 951 3559 adoptato
981 3488 1106 3612 [IVi
1130 3487 1366 3569 Plautus
1397 3531 1408 3542 .
1431 3532 1442 3543 .
1467 3532 1478 3542 .
1508 3488 1773 3571 Qus
1797 3487 2037 3570 Crimine
2187 3491 2204 3516 ’
2223 3506 2271 3545 e.
2293 3509 2347 3559 q.
2370 3508 2415 3546 s.

392 3562 658 3616 Fortasse
695 3576 864 3628 supra
898 3559 1050 3627 quod
1109 3561 1294 3629 egitur
1328 3558 1551 3614 Afrum
1583 3575 1787 3614 nomen
1824 3575 1995 3615 errori
2072 3560 2287 3617 ebetur.
