2610 4007
261 1244 329 1293 35

362 123 496 190 276
853 125 912 180 L.
951 123 1373 180 POMPoers
1410 123 1898 178 BoNoNOENSIS

1103 291 1640 354 GONDICIONES

362 412 496 478 Vi'x
535 435 706 477 nunc
744 413 915 498 quod
957 411 1126 477 edim
1170 412 1458 477 inuenio:
1506 412 1662 496 quid
1705 434 1857 476 nam
1902 411 2048 498 fiet,
2092 411 2148 475 si
2196 434 2409 496 quam

1686 517 1971 582 duxero?

503 631 721 686 Nonius
769 637 889 700 507,
928 637 961 685 8
1011 629 1211 685 ‘edim
1264 648 1366 700 pro
1423 631 1589 685 edam
1643 675 1655 685 .
1689 674 1745 685 ..
1797 628 2139 699 Pomponius
2189 629 2410 684 Condi-

362 702 640 758 tionibus:
678 702 797 756 uix'
831 719 876 756 e.
907 719 960 770 q.
993 719 1034 757 s.

508 809 663 877 qaus
700 810 795 863 Ba

929 941 1299 1001 ORETVLA
1344 942 1442 1000 vel
1487 940 1833 1001 PETITOR

511 1046 591 1102 cf.
629 1047 896 1102 Munkius
933 1054 1019 1102 34.

1369 1144 1399 1202 Ι

1514 1227 1675 1292 bene
1723 1229 1979 1292 euenat!
2028 1266 2113 1274 —

371 1332 474 1398 Ita
517 1332 663 1398 fiat:
711 1338 776 1399 et
820 1334 942 1399 tibi
987 1335 1149 1399 bene
1195 1334 1308 1420 sit,
1356 1334 1468 1419 qui
1513 1337 1684 1399 recte
1732 1335 1996 1399 ominus,
2042 1401 2045 1405 ,

511 1455 728 1510 Nonius
770 1462 903 1525 474,
941 1462 972 1510 9
1024 1454 1323 1510 ‘omines
1405 1455 1747 1525 Pomponius
1795 1455 2024 1510 Cretula
2070 1456 2164 1510 uel
2218 1457 2411 1526 peti-

367 1529 544 1582 ture:
581 1526 747 1581 bene’
780 1543 825 1582 e.
857 1545 908 1595 q.
939 1545 980 1582 s,
1021 1527 1214 1596 (om.P
1249 1525 1561 1581 Petitore
1598 1526 1893 1598 Bentinus)
1933 1526 2241 1582 Candidati
2277 1544 2409 1582 esse

370 1600 563 1652 monet
602 1597 934 1653 Gulielmius
961 1597 1140 1652 Veris.
1171 1598 1197 1650 1
1225 1605 1311 1653 11.

514 1701 540 1747 1
581 1697 786 1749 euenat
829 1696 1025 1764 scripsi
1068 1695 1312 1764 idemque
1356 1697 1601 1750 senarios
1644 1697 1881 1751 distinxi
1932 1694 2161 1750 eueniat
2210 1717 2253 1751 ω

371 1771 402 1817 2
440 1765 541 1819 fiat
575 1767 772 1835 scripsi
807 1765 883 1821 sit
918 1787 960 1819 ω
1105 1782 1275 1834 quom
1311 1784 1352 1820 ω
1493 1765 1750 1821 hominas
1789 1768 1868 1822 W

1356 1915 1418 1973 Π
1475 1878 1476 1881 ¹

1558 1999 1790 2064 bellnea

372 2104 578 2170 Forus
623 2106 930 2171 macellus
974 2107 1124 2170 fains.
1167 2110 1396 2190 portus
1440 2107 1731 2191 porticus

515 2226 731 2295 Nonius
779 2233 908 2295 206,
954 2231 1020 2280 18
1070 2226 1320 2281 ‘forum
1372 2226 1593 2297 generis
1647 2226 1850 2282 neutri.
1933 2228 2234 2282 masculini
2295 2275 2307 2283 .
2347 2274 2404 2285 ..

373 2298 712 2368 Pomponius
748 2297 1083 2353 Petitore:
1125 2298 1355 2352 balnea?
1396 2314 1443 2353 e.
1474 2317 1526 2367 q.
1558 2316 1599 2353 s.
1675 2298 2050 2369 (portitore
2086 2300 2189 2369 ΕΙ)
2262 2299 2407 2355 For-

374 2373 526 2423 tasse
588 2369 870 2438 promittit
930 2369 1070 2423 haec
1136 2369 1473 2424 candidatus
1534 2386 1593 2423 se
1650 2368 2078 2424 aedificaturum
2132 2387 2282 2440 esse,
2354 2372 2410 2425 si

384 2439 588 2494 aedilis
627 2443 847 2495 creatus
883 2440 1068 2495 fuerit.

518 2544 548 2591 1
596 2537 836 2591 balneae
883 2537 1186 2593 Mei-cerus:
1238 2537 1474 2592 balneas
1519 2540 1571 2593 si
1614 2540 1833 2607 scribes,
1889 2540 2107 2595 habebis
2152 2547 2408 2609 septena·

375 2610 523 2664 rium
709 2615 740 2663 2
786 2607 935 2663 foros
990 2607 1254 2662 macellos
1302 2615 1521 2679 poetam
1572 2611 1849 2678 scripsisse
1895 2617 2035 2679 puto
2217 2610 2408 2666 fortus

383 2680 546 2749 FL1,
585 2682 686 2735 del.
716 2698 757 2734 a:
896 2678 1129 2748 porticis
1166 2680 1255 2734 H¹

1228 2830 1565 2889 DEGVMA

526 2936 615 2989 Ad
650 2935 901 2990 Fullonis
937 2936 1245 2991 Decumam
1281 2936 1604 2991 coniectura
1638 2937 1889 2991 refertur.

493 3105 505 3118 .
598 3076 728 3120 non
774 3053 992 3140 multi,
1037 3055 1149 3134 sed
1194 3057 1418 3120 temeti
1462 3055 1729 3140 plurimi

525 3176 724 3230 Festus
762 3194 815 3245 p.
847 3182 952 3230 364
980 3177 1054 3231 Μ.
1098 3176 1453 3231 ‘temetum
1489 3176 1685 3230 uinum
1720 3208 1791 3216 —-
1826 3176 2166 3247 Pomponius
2205 3177 2266 3231 in
2301 3178 2411 3232 De·

383 3248 556 3304 eima:
595 3248 730 3302 non’
773 3264 818 3301 e.
850 3265 902 3315 q.
934 3264 975 3302 s.
1016 3247 1331 3317 (deuncia.
1367 3246 1637 3302 Politiani
1675 3250 1815 3317 exc.)

525 3355 644 3410 Aut
697 3356 767 3409 ab
822 3355 988 3409 initio
1042 3353 1164 3407 uini
1228 3356 1689 3424 praemittendum
1751 3362 1851 3410 aut
1904 3372 2027 3409 cum
2080 3356 2413 3411 Buechelero

382 3424 584 3480 mulier
613 3433 739 3495 post
774 3424 941 3479 multi
976 3427 1325 3481 inserendum
1470 3426 1570 3481 sed.
1605 3426 1803 3481 temeti
1837 3428 2037 3496 scripsi
2075 3426 2273 3481 temeti
2313 3428 2412 3481 sed

384 3499 515 3565 cod„
554 3514 655 3551 om.
694 3498 758 3550 in
795 3499 996 3551 lacuna
1034 3497 1311 3552 Politiani
1346 3516 1456 3554 exc.
