2610 4007
533 238 1065 294 ANONYMORVM
1100 238 1457 293 MIMORVM
1493 239 1882 305 RELIQVIAE
2082 241 2213 306 385

1071 424 1323 482 XXXIV

320 525 558 591 Seneca
594 530 878 591 controv.
907 524 972 589 II
1009 526 1052 588 4
1089 523 1236 612 (12)
1273 549 1334 610 p.
1360 525 1487 590 154
1523 525 1608 590 Μ.
1647 528 1820 591 ‘uere
1861 529 2206 594 mimicae

164 632 527 717 nuptiae,
599 633 668 696 in
737 632 972 716 quibus
1040 636 1214 696 ante
1283 632 1356 696 in
1432 632 1866 698 cubiculum
1930 635 2206 699 riualis

169 739 401 804 uenit
457 760 674 823 quam
730 739 1094 803 maritus?

327 895 460 947 nup
468 877 636 947 tiae,
683 877 753 930 in
789 878 1082 932 Madvicus
1121 877 1378 947 nustis‚
1415 881 1682 946 nustus,
1729 879 1977 948 nostis,
2018 880 2203 934 natis

172 949 346 1003 codd.
424 948 503 1003 Cf.
541 948 822 1002 Iuvenalis
860 948 937 1001 VI
973 956 1059 1003 44.

1088 1170 1309 1227 XXXV

320 1286 558 1352 Seneca
604 1288 679 1352 de
726 1288 1044 1352 breuitate
1091 1289 1266 1353 uitae
1319 1289 1418 1374 12,
1457 1289 1495 1353 8
1545 1289 1599 1352 ‘i
1643 1310 1814 1356 nunc
1859 1293 1923 1353 et
1972 1291 2203 1356 mimos

179 1395 390 1458 multa
419 1395 696 1472 ,mentiri
733 1395 813 1458 ad
851 1391 1361 1479 exprobrandam
1406 1396 1726 1459 luxuriam
1770 1399 1945 1479 puta.
2016 1397 2204 1481 plura

180 1500 577 1565 mehercules
622 1504 1031 1585 praetereunt
1069 1523 1262 1585 quam
1300 1502 1557 1587 fingunt
1603 1506 1667 1565 et
1712 1504 1892 1565 tanta
1936 1502 2204 1567 incredi-

183 1608 418 1671 bilium
463 1608 773 1672 uitiorum
821 1608 1007 1691 copia
1051 1607 1385 1692 ingenioso
1433 1608 1501 1671 in
1545 1607 1667 1671 hoc
1712 1629 1911 1671 unum
1948 1610 2200 1674 saeculo

180 1714 522 1798 processit,
586 1717 660 1777 ut
718 1713 844 1776 iam
900 1713 1245 1778 mimorum
1301 1734 1567 1799 arguere
1620 1713 1939 1797 possimus
1990 1716 2204 1802 negle-

180 1820 512 1905 gentiam?

326 1940 557 1994 Mimum
600 1940 948 2010 Vespasiano
994 1943 1290 2011 praesente
1337 1940 1397 1994 in
1442 1940 1696 1995 Marcelli
1740 1941 1962 1996 theatro
2011 1946 2200 1997 actum

180 2016 379 2067 narrat
415 2012 749 2067 Plutarchus
788 2013 856 2066 de
895 2012 1016 2067 soll.
1048 2012 1213 2067 anim.
1247 2019 1314 2066 19
1350 2032 1404 2082 p.
1436 2018 1537 2066 973
1573 2013 1635 2067 E.
1785 2014 1897 2066 ‘Ex
1932 2014 2200 2069 Atellana

180 2084 423 2138 mimove
463 2087 562 2138 aut
598 2082 907 2138 comoedia’
949 2086 1231 2164 sumptum
1269 2100 1304 2137 a
1342 2085 1621 2138 Frontone
1657 2084 1756 2138 fer.
1790 2085 1904 2138 Als.
1940 2092 1972 2137 3
2008 2104 2061 2154 p.
2092 2092 2196 2139 226

182 2155 332 2209 Nab.
371 2156 440 2209 de
476 2154 763 2209 Hadriano
802 2154 1007 2208 senarii
1042 2154 1283 2208 frustum

580 2225 943 2295 prandiorum
979 2227 1291 2295 opimorum
1329 2241 1540 2279 esorem
1579 2225 1852 2293 optimum

177 2294 425 2350 coniecit
460 2270 576 2350 Bue
611 2314 751 2351 mus,
781 2295 956 2349 Rhen.
987 2302 1071 2364 35,
1102 2302 1219 2350 394.

323 2367 522 2421 Idem
505 2386 563 2421 ιιι
594 2368 733 2422 actis
761 2370 1069 2435 martyrum
1097 2365 1431 2420 Theodorici
1449 2365 1689 2419 Ruinart
1717 2382 1886 2436 opera
1915 2384 1979 2421 ac
2008 2368 2194 2423 studio

174 2436 432 2492 collectis
479 2439 753 2521 (Veronae
795 2443 927 2491 1731
975 2455 1028 2506 p.
1061 2443 1161 2491 236
1193 2439 1293 2506 sq.)
1342 2453 1486 2504 quae
1534 2437 1603 2490 de
1649 2437 1855 2491 Sancto
1904 2437 2194 2494 Genesio

177 2508 481 2634 {33331520
498 2508 1157 2635 Πωωέῗῗῗὲιεέῗιῗ
1204 2507 1652 2633 csffiaffinffig
1655 2508 1962 2648 ⁸{ssn31sser
1991 2509 2195 2649 ξῗιῗὲἓ

175 2650 475 2704 mimorum
501 2651 736 2705 lascivia
765 2650 1113 2719 describitur,
1144 2649 1472 2704 testimonia
1497 2648 1606 2718 hic,
1635 2649 1734 2704 ubi
1761 2667 1874 2705 non
1901 2624 1961 2705 i’d
1990 2652 2193 2721 agitur,

174 2723 244 2774 ut
275 2721 494 2790 generis
514 2722 769 2802 ‘universi
795 2724 998 2776 natura
1027 2724 1084 2775 et
1112 2720 1350 2775 historia
1379 2720 1755 2790 adumbretur,
1787 2725 2196 2791 praetereunda

174 2807 301 2845 esse
339 2792 544 2846 censui.

284 3685 445 3725 Scaea.
472 3695 595 3732 poen.
622 3686 749 3727 Rom.
776 3687 938 3738 fragm.
964 3685 1035 3726 ed.
1064 3684 1296 3728 Brauon.
1337 3688 1397 3728 11.
1805 3682 1869 3730 25
