2610 4007
792 153 1163 209 CATVLLVS
1236 154 1617 208 LENTVLVS
2086 154 2167 218 37
2179 156 2212 218 1

336 314 417 368 Cf.
457 313 737 367 Martialis
776 315 845 368 de
893 318 1133 384 spectac.
1167 321 1194 368 7
1239 314 1505 382 ‘qualiter
1542 314 1603 367 in
1641 314 1904 383 Scythica
1944 315 2217 384 religatus

191 401 330 454 rupe
368 385 732 439 Prometheus
769 385 1083 439 Adsiduam
1122 385 1296 439 nimio
1344 388 1569 455 pectore
1614 387 1777 455 pauit
1813 402 2000 455 auem,
2048 386 2219 440 Nuda

100 524 106 530 ¹
192 455 501 510 Caledonio
541 455 619 509 sic
655 456 876 510 uiscera
911 456 1174 526 praebuit
1210 474 1338 511 urso
1384 457 1531 510 Non
1575 456 1756 511 falsa
1801 458 2106 528 pendens
2148 457 2215 509 in

193 544 393 581 cruce
432 527 828 582 Laureolus'
862 544 907 582 e.
930 546 982 595 q.
1005 546 1045 581 s.
1113 528 1493 582 Tertullianus
1534 528 1658 582 adv.
1685 528 1970 584 Valentin.
2004 534 2070 583 14
2111 527 2217 583 ‘ita

194 599 432 668 depulsa
479 615 588 666 quo
634 599 818 652 minus
867 602 1125 668 pergeret
1169 616 1271 654 nec
1317 599 1533 653 habens
1581 600 1938 669 superuolare
1982 616 2216 668 crucem,

191 669 632 808 {Itssg’ffozozt
679 669 814 739 quia
850 669 1069 723 nullum
1105 670 1371 725 Catulli
1416 670 1821 725 Laureolum
1856 670 2028 725 fuerit
2065 687 2218 724 exer-

1175 873 1237 931 H

332 973 679 1039 Suetonius
720 972 918 1060 Oalig.
957 974 1041 1038 57
1092 975 1181 1038 ‘et
1226 996 1371 1038 cum
1420 975 1488 1038 in
1524 974 1839 1039 Laureolo
1886 975 2103 1059 mim0‚
2150 975 2218 1039 in

193 1103 323 1166 quo
368 1084 546 1145 actor
589 1081 953 1164 proripiens
991 1103 1057 1145 se
1094 1081 1281 1144 ruina
1317 1081 1694 1167 sanguinem
1731 1082 1957 1165 uomit,
2001 1081 2217 1165 plures

193 1188 614 1252 secundarum
654 1188 948 1251 certatim
987 1188 1498 1272 experimentum
1526 1189 1685 1252 artis
1714 1189 1972 1273 darent‚'
1994 1209 2218 1252 cruore

192 1317 423 1359 scaena
469 1293 864 1359 abundauit?

1042 1477 1374 1536 PHASMA

328 1595 650 1661 Iuvenalis
677 1596 837 1661 VIII
880 1597 1005 1661 185
1050 1597 1471 1681 ‘consumptis
1519 1596 1750 1681 opibus
1794 1617 2048 1680 uocem,
2093 1596 2217 1660 Dar

191 1704 510 1788 masippe‚
556 1703 784 1780 locasti
831 1702 1113 1790 Sipari0‚
1158 1704 1510 1769 clamosum
1556 1725 1778 1789 ageres
1823 1706 1897 1766 ut
1937 1702 2219 1769 Phasma

194 1808 477 1873 Catulli?
577 1808 773 1873 schol.
832 1810 1089 1874 ‘nomen
1144 1813 1241 1874 est
1295 1809 1756 1896 mimographi,
1821 1812 1885 1872 et
1939 1809 2218 1874 Phasma

187 1938 427 1981 nomen
476 1918 572 1980 est
616 1916 912 1981 fabulae?

857 2135 1254 2195 INCERTVS
1274 2142 1278 2148 ’
1299 2135 1555 2194 MIMVS

327 2253 649 2319 Iuvenalis
695 2254 854 2319 XIII
906 2255 1030 2319 109
1084 2256 1255 2318 ‘nam
1302 2277 1450 2319 cum
1495 2277 1730 2341 magna
1775 2255 1979 2318 malae
2026 2275 2217 2338 super

191 2365 292 2425 est
329 2361 594 2425 audacia
630 2384 873 2446 causae,
918 2361 1219 2426 Creditur
1260 2384 1301 2424 a
1347 2361 1571 2425 multis
1614 2361 1863 2425 fiducia.
1946 2361 2215 2425 mimum

193 2469 332 2552 agit
400 2468 536 2553 ille,
607 2467 856 2532 Vrbani
932 2468 1186 2552 qualem
1257 2468 1579 2554 fugitiuus
1651 2490 1869 2532 scurra
1937 2466 2216 2532 Catulli?

193 2573 393 2638 schol.
455 2574 634 2638 ‘talis
698 2578 795 2638 est
860 2575 1031 2639 enim
1096 2574 1358 2659 mimuS‚
1432 2574 1545 2638 ubi
1610 2597 1833 2639 seruus
1895 2574 2215 2660 fugitiuus

194 2681 525 2744 dominum
573 2703 759 2745 suum
804 2679 1048 2744 trahit.'

848 2991 1566 3078 LENTVLVS

958 3182 1454 3242 CATINENSES

332 3301 766 3366 Tertullianus
824 3302 898 3365 de
953 3302 1150 3384 pallio
1197 3302 1241 3363 4
1296 3302 1429 3365 ‘sed
1491 3304 1554 3365 et
1615 3302 1726 3385 qui
1787 3306 1933 3365 ante
1990 3300 2216 3383 Tiryn-

200 3411 409 3473 thium
466 3413 814 3473 accesserat
868 3408 1086 3493 pugil
1140 3406 1635 3473 Cleomachus
1686 3411 1833 3492 post
1882 3407 2216 3490 Olympiae

196 3539 341 3580 cum
417 3515 776 3579 incredibili
844 3517 1098 3579 mutatu
1165 3515 1238 3579 de
1264 3536 1271 3543 ’
1302 3514 1588 3578 masculo
1653 3514 1973 3597 fluxisset,
2047 3513 2217 3577 intra

1790 3618 1894 3669 24*
