2610 4007
376 148 454 202 VI
1180 143 1583 220 PRAEFATIO

693 314 765 372 H
796 339 880 360 =
917 313 1276 372 Harleianus

704 403 762 461 L
800 428 883 449 =
921 401 1225 461 Leidensis

689 492 770 549 M
802 518 884 538 =
923 489 1499 564 Montispessulanus

717 579 765 638 Ο
803 606 885 626 =
926 577 1274 638 Oxoniensis

712 669 769 726 P
801 694 883 714 =
920 666 1227 725 Parisinus

687 757 769 816 W
800 782 882 802 =
920 754 1509 814 Wolfenbuttelanus

704 845 768 902 X
802 870 885 891 =
923 843 1227 903 Leidensis
1273 843 1427 902 alter

722 932 757 992 ὃ
804 959 886 979 =
928 931 1180 991 extracti
1216 950 1368 1007 quos
1405 929 1629 991 Onions
1666 931 1813 991 dicit
1848 932 2076 992 codices

1021 1012 1151 1101 (Ba
1164 1018 1373 1079 ODM
1380 1019 1428 1078 Ο
1440 1012 1548 1101 Χ).

522 1110 798 1170 Ceterum
832 1109 896 1167 in
930 1108 1415 1187 recognoscendis
1451 1111 1766 1184 poetarum
1800 1108 2203 1169 scaenicorum
2229 1109 2394 1167 Lati—

387 1219 602 1260 norum
637 1197 908 1274 reliquiis
945 1216 1051 1257 nec
1087 1197 1234 1255 mihi
1274 1216 1381 1267 nec
1418 1197 1554 1256 aliis
1589 1217 1682 1257 me
1719 1216 2008 1274 umquam
2053 1197 2391 1257 satisfactu-

386 1308 523 1347 rum
577 1306 701 1347 esse
755 1307 875 1346 non
923 1305 1017 1345 me
1071 1285 1233 1363 fugit
1285 1285 1570 1361 profecto.
1662 1304 2030 1363 quamquam
2087 1286 2397 1346 laudatam

386 1376 561 1436 hodie
596 1395 633 1434 a
667 1375 876 1434 multis
912 1374 1251 1434 cautionem
1289 1374 1412 1434 sive
1449 1374 1802 1433 modestiam
1838 1375 1960 1434 sive
1997 1374 2394 1452 prudentiam,

390 1484 544 1542 quae
591 1464 864 1524 crucibus
900 1463 1154 1522 maxime
1200 1462 1450 1540 figendis
1488 1465 1548 1521 et
1594 1463 1868 1522 cancellis
1916 1463 2039 1523 sive
2078 1463 2395 1539 saepiculis

388 1552 833 1629 interponendis
871 1554 933 1611 et
975 1551 1317 1610 litterarum
1363 1550 1569 1610 formis
1611 1551 1988 1626 obliquandis
2025 1551 2289 1612 cernitur
2323 1572 2396 1611 ne

392 1640 886 1720 septuagenarius
945 1639 1186 1716 quidem
1247 1639 1511 1717 adspiro,
1577 1639 1683 1716 qui
1736 1640 2049 1700 restituere
2103 1642 2176 1698 ut
2227 1659 2401 1716 posse

390 1731 596 1792 videor
632 1731 829 1788 lacera
864 1730 1180 1805 poetarum
1212 1728 1410 1805 verba,
1448 1748 1566 1788 non
1598 1729 1936 1804 temporum
1969 1729 2397 1805 hominumque
2477 1725 2484 1730 ’

390 1818 612 1877 iniuria
676 1818 912 1877 effectas
978 1811 1314 1877 ‘vastitates
1378 1811 1681 1875 funerum'
1740 1837 2028 1893 exponere
2096 1817 2397 1893 proposui.

392 1927 498 1967 nec
544 1907 832 1965 fallentur
875 1905 1140 1981 profecto
1188 1904 1433 1983 creduli,
1487 1905 1593 1980 qui
1638 1905 1955 1965 memoriae
2003 1924 2186 1982 quam
2230 1925 2403 1966 vene-

391 1999 605 2056 rantur
641 1997 913 2055 sanctam
948 1994 1201 2071 speciem
1237 1993 1396 2053 infra
1439 1993 1715 2073 religiose
1754 1996 2054 2055 servatam
2087 1994 2160 2055 ob
2200 1995 2402 2055 oculos

393 2086 630 2145 habent.
730 2103 799 2143 ac
853 2083 1105 2143 feliciori
1160 2083 1397 2159 quidem
1446 2083 1685 2161 ingenio
1731 2103 1850 2143 non
1904 2103 2057 2161 nego
2112 2084 2402 2143 mehercle

393 2175 626 2252 largam
671 2172 1153 2232 emendationum
1189 2171 1505 2230 meliorum
1548 2190 1799 2231 messem
1834 2172 2108 2230 relictam
2143 2190 2286 2250 esse,
2332 2174 2405 2230 ut

394 2262 741 2322 Buecheleri
775 2261 892 2320 mei
919 2259 1218 2319 sollertiae
1248 2262 1310 2318 et
1345 2259 1650 2319 doctrinae
1677 2261 1872 2318 multa
1898 2279 1992 2318 me
2021 2260 2084 2317 in
2110 2260 2221 2319 hoc
2261 2280 2404 2336 quo-

397 2371 511 2427 que
535 2349 837 2410 volumine
863 2348 1096 2427 egregie
1116 2348 1213 2408 vel
1232 2348 1562 2407 constituta
1580 2348 1677 2408 vel
1699 2348 1981 2407 restituta
2000 2348 2209 2407 debere
2232 2353 2406 2425 grato

397 2440 595 2498 animo
632 2439 840 2497 fateor.
899 2437 1001 2497 sed
1035 2439 1267 2495 restant
1302 2438 1364 2495 et
1399 2437 1711 2495 restabunt
1748 2455 1981 2513 semper
2017 2438 2079 2496 et
2114 2437 2177 2494 in
2214 2437 2408 2497 verbis

397 2531 457 2587 et
501 2527 566 2585 in
610 2525 873 2585 numeris
919 2525 1282 2584 excutiendis
1329 2525 1773 2584 dubitationum
1822 2525 2092 2602 nebulae,
2142 2544 2295 2601 quae
2332 2545 2406 2584 ne

396 2615 923 2675 subtilissimarum
968 2613 1208 2689 quidem
1253 2613 1733 2689 disputationum
1787 2614 2010 2673 aculeis
2057 2613 2275 2672 discuti
2319 2614 2409 2672 ita

395 2705 652 2782 possint,
704 2706 775 2762 ut
817 2701 1089 2762 veritatis
1133 2702 1239 2760 lux
1283 2702 1417 2777 ipsa
1463 2705 1771 2777 appareat.
1855 2702 2185 2761 manebunt
2229 2702 2413 2761 etiam

398 2812 627 2869 semper
682 2791 787 2869 qui
842 2809 995 2868 quae
1050 2790 1476 2869 grammaticae
1531 2790 1839 2850 elementis
1891 2810 2011 2850 non
2058 2793 2259 2865 aperte
2308 2810 2411 2867 op-

396 2884 668 2959 pugnent
711 2880 1035 2956 prudenter
1080 2878 1371 2939 servanda
1416 2897 1539 2938 esse
1587 2879 1864 2956 clament,
1912 2878 1983 2938 de
2028 2898 2226 2938 rerum
2261 2879 2410 2938 ima-
2487 2918 2491 2922 «

397 2971 534 3048 gine
573 2973 633 3029 et
671 2987 1009 3028 sermonum
1045 2967 1317 3027 sensibus
1355 2970 1415 3026 et
1449 2985 1839 3043 personarum
1868 2967 2164 3027 coloribus
2202 2968 2412 3027 securi.

530 3058 745 3133 Itaque
811 3075 1012 3116 cruces
1067 3074 1205 3115 suas
1262 3056 1376 3114 sibi
1437 3056 1695 3116 habento
1751 3055 1857 3132 qui
1910 3056 2074 3115 ultra
2133 3056 2409 3120 librarios

399 3165 603 3222 sapere
650 3165 770 3205 non
817 3145 1066 3204 audent:
1120 3144 1448 3204 admirarer
1500 3144 1784 3204 libentius
1836 3144 1888 3203 si
1941 3144 2040 3204 cui
2094 3148 2414 3204 cautorum

398 3235 649 3294 istorum
710 3234 1019 3293 hominum
1078 3235 1175 3293 vel
1231 3252 1417 3292 unam
1449 3252 1706 3293 crucem
1767 3236 1929 3293 certa
1993 3232 2405 3293 emendatione

396 3323 713 3402 profligare
759 3322 1120 3400 contigisset.
1508 3342 1512 3348 ’

534 3412 650 3471 Sed
713 3411 1093 3470 corollarium
1157 3409 1406 3468 tertium
1469 3412 1776 3469 contexere
1841 3413 1901 3468 et
1965 3409 2271 3485 disputare
2335 3410 2407 3468 de

400 3501 653 3579 singulis
700 3499 1150 3576 quaestionibus
1203 3498 1265 3556 in
1322 3498 1520 3558 animo
1571 3518 1689 3558 non
1742 3497 1888 3558 erat.
1981 3497 2405 3575 corrigenda
