2610 4007
414 220 543 306 342
1065 219 1383 275 Dnomvs
1415 219 1776 275 LABEmvs

556 380 771 435 Gellius
818 380 948 434 XVI
995 385 1042 449 7,
1081 385 1114 433 8
1164 378 1463 433 ‘Laberius
1509 379 1570 432 in
1613 379 1824 448 mimis,
1881 397 2020 447 qnos
2063 378 2432 448 scriptitauit,

414 451 621 521 oppido
669 469 840 520 quam
884 451 1060 504 uerba
1105 451 1267 504 finxit
1310 450 1681 519 praelicenter
1719 495 1730 505 .
1762 494 1772 504 .
1807 494 1817 504 .
1855 450 1994 504 item
2033 450 2094 503 in
2131 450 2432 506 Cacomne-

412 539 601 578 mone:
649 522 743 576 hic
789 525 900 591 est,
946 521 1156 590 inquit,
1203 469 1349 575 illep
1374 538 1419 576 e.
1461 540 1511 589 q.
1552 539 1593 576 s.
1669 520 1748 576 cf.
1789 520 2168 586 Quintilianus
2206 522 2232 574 I
2276 529 2325 590 5,
2366 528 2430 575 57

416 595 734 675 ‘gurdos,
760 610 898 661 quos
943 610 1043 662 pro
1091 592 1313 646 stolidis
1361 592 1569 662 accipit
1613 592 1844 661 uulgus,
1891 609 1960 646 ex
2005 592 2283 662 Hispania
2331 594 2431 646 du-

408 682 556 790 xifistie
589 664 777 789 originL
780 681 868 718 em
904 663 1115 790 Ἒιῶᾶιιὲ.
1123 663 1335 789 ’82οΘὲ
1364 664 1443 788 IX
1471 670 1539 717 84
1569 662 1687 717 GR
1654 681 1796 786 dgur
1690 664 1918 733 gurdus,
1954 663 2178 733 ineptus
2216 664 2312 718 uel
2348 664 2434 717 in-

409 754 447 788 u
542 754 582 790 S.
718 734 879 790 oewii
961 753 1023 789 ro
1336 752 1510 804 ruus,
1547 751 1653 805 gur
1691 736 1797 789 us’.

554 849 581 896 1
624 844 879 898 Fortasse
914 841 1006 895 hic
1043 841 1141 895 ille
1179 844 1265 895 est
1385 857 1604 895 menses
1643 841 1784 894 duos
1820 841 2059 896 Bothius
2096 843 2237 896 duos
2275 859 2433 897 men-

412 930 498 967 ses
528 934 570 967 ω
697 920 729 967 2
768 912 1164 967 aduenientem
1190 914 1272 967 vel
1301 913 1412 965 huc
1439 911 1760 965 uenientem
1786 915 1993 967 conieci
2017 912 2343 967 uenientem
2371 935 2432 982 ω,

409 988 553 1055 quod
587 987 836 1041 servabat
873 984 1257 1039 Fleckeisenus
1291 1000 1543 1039 nmeros
1577 984 1878 1038 trochaicos
1914 986 2206 1053 disponens

1247 1167 1589 1228 GAEGVLI

310 1296 430 1368 15]ss
449 1287 597 1353 Non
642 1287 952 1353 intellexi.
1000 1326 1083 1334 —-
1129 1285 1472 1371 (Credidi)
1518 1291 1581 1350 te
1627 1287 2034 1352 Mauricatim
2080 1287 2259 1353 scire.

551 1408 835 1463 Charisius
871 1428 925 1479 p.
949 1415 1052 1463 184
1087 1410 1147 1464 P
1190 1407 1646 1462 ‘mauricatim
1682 1407 1951 1463 Laberius
1987 1407 2048 1461 in
2081 1408 2430 1465 Caeculis.

409 1482 543 1534 non’
584 1497 629 1535 e.
661 1499 714 1549 q
745 1500 786 1535 s.
860 1481 1078 1534 Nomen
1122 1479 1353 1560 fabulae
1400 1478 1715 1533 Gaetulis
1760 1478 1942 1533 voluit
1988 1496 2108 1533 esse
2155 1481 2263 1534 Ber
2262 1481 2436 1550 gkius

411 1569 597 1621 opusc.
626 1553 679 1605 H
709 1558 826 1621 751,
865 1554 1060 1605 contra
1095 1549 1253 1604 mimi
1291 1552 1680 1619 argumentum
1719 1567 1787 1604 ex
1823 1550 1993 1605 schol.
2027 1550 2226 1606 Veron.
2258 1552 2430 1622 Verg.

409 1623 546 1677 Aen.
567 1623 670 1677 VH
707 1628 807 1678 681
847 1622 1026 1691 repeti
1060 1637 1224 1691 posse
1259 1623 1453 1675 monet
1486 1621 1621 1677 Bue.

550 1746 664 1782 non
699 1728 955 1783 intellexi
991 1730 1284 1784 Putschius
1320 1744 1387 1782 ex
1422 1730 1536 1782 cod.
1565 1728 1815 1795 Dousae,
1857 1745 1956 1783 om.
1993 1735 2186 1784 notata
2225 1731 2435 1785 lamma

410 1802 706 1868 ed.pr.1·1
748 1799 836 1853 int
874 1843 1104 1855 ......
1163 1800 1310 1853 linea
1354 1805 1594 1853 extrema
1638 1802 1753 1854 cod.
1934 1798 2149 1853 credidi
2192 1802 2435 1857 inseruit

410 1871 705 1995 εξῖνρῖἶίαε,
750 1888 849 1925 om.
886 1872 1001 1926 cod.
1083 1872 1237 1925 Idem
1282 1885 1549 1937 personas
1593 1870 1852 1925 distinxit
1898 1887 2253 1941 numerosque
2297 1890 2429 1927 con-

460 1960 481 1994 i
504 1959 567 1995 ’ΜΖ

1263 2054 1424 2113 CAN
1426 2052 1579 2113 CER

413 2174 550 2240 Nec
594 2173 1067 2259 Pythagoream
1116 2173 1414 2260 dogmam
1462 2172 1684 2237 doctus
1772 2225 1789 2239 .
1882 2226 1895 2239 .
1988 2227 2000 2238 .

551 2293 869 2350 Priscianus
915 2314 968 2364 p.
1000 2301 1102 2350 679
1147 2295 1207 2348 Ρ.
1265 2297 1496 2350 ‘neutra
1551 2295 1800 2349 eiusdem
1852 2295 2299 2350 terminationis'
2353 2300 2431 2368 (a)

415 2366 653 2421 ‘Graeca
690 2369 820 2420 sunt
857 2368 915 2420 et
953 2365 1151 2420 addita
1185 2365 1261 2420 tis
1297 2366 1516 2420 faciunt
1556 2365 1881 2447 genetiuum
1920 2410 1932 2421 .
1963 2410 1975 2422 .
2008 2367 2197 2422 .haec
2233 2372 2430 2423 tamen

413 2437 791 2505 antiquissimi
847 2438 1150 2490 secundum
1195 2437 1434 2506 primam
1489 2436 1922 2491 declinationem
1968 2411 2134 2507 saepe
2179 2439 2431 2535 protule-

411 2511 543 2562 runt
579 2511 636 2562 et
671 2508 890 2578 generis
927 2507 1182 2589 feminini
1222 2553 1231 2562 .
1265 2553 1276 2563 .
1402 2507 1672 2562 Laberius
1709 2507 1770 2561 in
1808 2508 2043 2563 Cancro,
2080 2510 2204 2563 nec’
2237 2526 2284 2564 e.
2306 2528 2412 2578 q.s

411 2579 735 2676 Anonymus
781 2578 1077 2633 Bernensis
1124 2578 1184 2632 in
1229 2579 1451 2649 Hageni
1498 2578 1769 2633 analectis
1806 2579 2111 2633 Helveticis
2148 2598 2201 2649 p.
2234 2585 2318 2650 98,
2360 2554 2429 2635 33

415 2649 704 2704 ‘Laberius
750 2650 1252 2720 Pythagoream
1297 2651 1606 2721 dogmam
1652 2651 1894 2704 doctus
1940 2668 2040 2720 pro
2080 2652 2285 2720 dogma
2325 2669 2428 2721 po-

414 2721 566 2847 ffiit?
639 2722 1035 2846 IidszpXIloe,
1074 2727 1105 2774 3
1147 2721 1438 2775 ‘Laberius
1475 2738 1607 2775 uero
1647 2720 1816 2776 dixit:
1863 2722 1923 2776 P.
1964 2722 2015 2776 d.
2056 2722 2254 2776 doctus
2298 2725 2426 2778 est.’

523 2809 630 2846 mc.
685 2809 719 2845 a

557 2899 754 2952 doctus
801 2900 888 2952 est
933 2915 1097 2954 anon.
1136 2899 1305 2953 Bern.
1337 2916 1395 2967 p.
1429 2903 1555 2961 109,
1601 2905 1666 2953 ut
1704 2900 1933 2966 fortasse
1979 2898 2206 2952 doctust
2239 2901 2433 2967 fuerit,

414 2971 527 3024 nisi
553 2971 737 3040 primo
765 2971 902 3040 pede
938 2986 1191 3025 niancum
1225 2970 1504 3024 senarium
1537 2970 1791 3025 habemus

1265 3169 1576 3230 GARGER

414 3291 629 3355 Homo
690 3289 892 3375 frugi,
955 3288 1128 3373 quod
1187 3288 1246 3352 ts
1250 3289 1319 3353 bi
1382 3290 1678 3353 relictum
1739 3294 1836 3354 est
1893 3290 2129 3354 retines
2188 3291 2434 3356 miseri-

1896 3397 2206 3462 munium.

556 3517 773 3571 Nonius
822 3524 950 3586 214,
990 3523 1057 3571 20
1115 3515 1439 3585 ‘miseria,
1503 3519 1568 3571 ut
1627 3534 1817 3588 saepe,
1882 3516 2099 3587 generis
2155 3519 2435 3576 feminini.

416 3587 619 3642 Neutri
653 3587 922 3642 Laberius
937 3560 1215 3642 Carcere:
1252 3588 1442 3642 1ιοιιιο’
1474 3604 1521 3643 e.
1551 3606 1604 3656 q.
1636 3607 1677 3642 s
