2610 4007
922 172 1195 228 SEXTVS
1232 172 1614 227 TVRPILIVS
2151 173 2278 237 123

1225 342 1312 399 IX

255 443 348 508 Vt
392 443 503 508 ffle
548 442 670 508 hac
714 465 850 508 sese
898 442 1276 526 abstineret,
1324 465 1443 529 ego
1490 443 1969 527 supersederem
2012 443 2275 528 nuptiis,

396 564 616 619 Nonius
653 570 741 632 40,
783 570 811 617 ’1
854 564 1355 633 ‘supersedere‚
1402 580 1653 631 manere,
1690 580 2072 633 perseuerare,
2112 564 2276 633 quasi

256 636 317 690 in
355 635 653 690 uoluntate
691 638 749 689 et
786 634 1021 689 consilio
1060 633 1257 689 sidere.
1313 634 1598 705 Turpilius
1635 635 1835 691 Pedio:
1871 637 1957 690 ut’
1997 652 2044 690 e.
2075 654 2127 704 q.
2159 655 2201 690 S.

256 707 514 761 ‘Plautus
559 706 824 777 Epidico:
872 707 1172 775 supersede
1215 706 1343 762 istis
1390 706 1556 761 rebus
1602 706 1718 761 iam
1758 752 1768 761 .
1801 750 1812 761 .
1846 750 1856 760 .
1896 706 2132 761 Sisenna
2172 752 2182 762 .
2217 752 2226 762 .
2261 751 2272 762 .

251 777 511 903 ξτὲὲοᾳηὶ
549 777 1018 849 supersederunt?
1095 778 1259 832 Vana
1307 778 1504 832 docere
1549 777 1799 833 Nonium
1839 777 2059 832 monuit
2096 778 2275 833 Grau-

279 866 312 904 0
377 867 459 906 us.

395 956 527 1028 hac]
566 973 632 1009 ac
669 957 738 1011 H
1235 1035 1290 1092 X

247 1135 529 1222 Nuptias
574 1136 779 1201 abieci
786 1188 804 1222 ‚
850 1137 1089 1201 amicos
1134 1139 1285 1200 litor
1329 1136 1631 1220 primoris
1676 1137 1869 1202 uiros,

391 1257 608 1312 Nonius
645 1262 767 1326 497,
808 1263 874 1312 15
915 1257 1394 1313 ‘accusatiuus
1439 1258 1658 1327 positus
1703 1276 1804 1328 pro
1852 1258 2108 1314 ablatiuo
2149 1303 2160 1313 .
2205 1305 2214 1314 .
2259 1303 2270 1313 .

248 1328 534 1398 Turpilius
570 1328 827 1398 Epiclero
868 1371 879 1382 .
913 1373 923 1384 .
958 1373 968 1384 .
1008 1328 1159 1383 idem
1195 1330 1395 1386 Pedio:
1433 1329 1684 1398 nuptias’
1727 1346 1772 1383 e.
1813 1347 1865 1397 q.
1906 1347 1948 1384 s.

388 1434 671 1507 primoris]
709 1437 780 1504 cf.
819 1436 1215 1492 Lachmannus
1249 1438 1314 1491 in
1352 1436 1520 1491 Ducr.
1560 1441 1627 1489 57

1218 1586 1305 1644 XI

248 1684 458 1763 Quare
515 1689 651 1752 esse
707 1688 878 1753 dicat
938 1689 1280 1773 quisquam
1325 1688 1510 1753 illum
1556 1685 1884 1752 hominem
1931 1692 2043 1753 aut
2089 1688 2270 1773 quid-

1313 1817 1506 1880 quam
1551 1795 1759 1859 facere
1804 1793 2196 1861 humanitus.
2275 1811 2376 1860 165

390 1914 609 1969 Nonius
639 1921 760 1985 514,
785 1922 850 1971 15
892 1915 1350 1970 ‘humanitem’
1391 1915 1581 1987 (immo
1620 1916 2041 1987 humanitus,
2079 1920 2144 1973 ut
2180 1919 2265 1974 ed.

249 1985 474 2068 princ.)
525 1986 832 2058 ‘Turpilius
868 1987 1068 2070 Pegiio:
1107 1988 1301 2056 quare'
1343 2003 1389 2043 e.
1420 2007 1469 2057 q.
1512 2006 1553 2044 s,
1631 1986 1876 2070 ‘Cassius
1913 1989 2152 2045 Hemina
2183 2036 2193 2046 .
2220 2036 2266 2047 ..

243 2057 1032 2185 ssffiffluss’msslfflnllsamt’
1071 2059 1291 2129 Bamb.)
1333 2061 1612 2130 ‘aguntur
1647 2059 1943 2169 ⁴Afranius
1984 2105 1995 2116 .
2028 2106 2039 2116 .
2073 2106 2083 2116 .
2123 2061 2266 2116 ferre

387 2235 544 2291 dicas
582 2237 663 2291 L¹
700 2236 828 2291 dica
866 2238 923 2291 P
1058 2237 1385 2291 humanitus
1421 2238 1516 2292 Ba
1551 2236 1871 2291 humaniter
1905 2259 1950 2307 φ

1197 2388 1316 2446 ΧΠ

246 2538 570 2551 ......
617 2509 734 2574 age
780 2493 855 2553 tu
899 2488 1325 2573 hymenaeum
1371 2488 1654 2573 increpa!

383 2608 603 2663 Nonius
641 2615 761 2676 255,
801 2614 870 2663 23
912 2610 1224 2678 ‘crepare
1261 2608 1470 2664 iterum
1505 2608 1836 2686 incantare)

383 2718 448 2770 tu
489 2732 591 2771 om.
631 2715 936 2771 BGH¹P
1072 2715 1297 2786 increpe
1337 2716 1425 2770 H¹

983 2900 1522 2960 PARATERVSA

380 3016 820 3087 Speculatricem
857 3016 1051 3072 audire
1088 3016 1345 3073 videmur
1379 3017 1444 3074 fr.
1474 3016 1552 3071 IV
1591 3020 1648 3073 et
1683 3017 1750 3073 V.

1237 3151 1268 3209 I

242 3248 403 3314 Cum
450 3251 720 3315 antehac
765 3251 1063 3315 uidebam
1108 3251 1277 3316 stare
1323 3251 1555 3336 tristis,
1601 3251 1860 3316 turbido

238 3355 472 3442 Vultu,
519 3356 851 3421 subductis
897 3361 1042 3422 clim
1088 3357 1448 3442 superciliis
1493 3380 1673 3424 senes

379 3477 598 3532 Nonius
626 3484 730 3533 399
777 3483 845 3532 28
883 3478 1290 3533 ‘subducere
1330 3477 1503 3533 etiam
1540 3497 1730 3534 susum
1767 3479 1986 3545 ducere,
2023 3478 2255 3534 leuare.’

242 3548 676 3618 (paratelusa
713 3522 847 3604 (iren.
888 3549 1071 3604 Harl.¹
1107 3549 1311 3620 Leid.¹)
