2610 4007
577 173 675 227 EX
709 174 1041 230 INCERTIS
1077 175 1557 232 INCERTORVM
1599 177 1903 234 FABVLIS
2121 180 2250 243 143

226 335 389 390 semel
424 336 539 390 cod.
718 351 842 389 eam
877 338 1073 405 scripsi
1109 351 1140 390 e
1177 338 1261 406 (in
1295 338 1405 404 fine
1439 339 1644 407 versus)
1682 340 1794 393 cod.
1836 338 2009 392 etiam
2044 340 2124 395 ed.
2151 358 2246 420 pr.

333 407 432 460 An
466 422 583 459 non
618 421 647 459 e
691 422 723 460 o
760 405 931 460 istam
965 414 1058 476 p?
1218 407 1355 461 reici
1392 424 1505 462 non
1540 408 1766 478 potuit?
1801 426 1915 464 non
1950 412 2248 479 perpet1a1·,
2321 463 2327 469 .

228 493 342 531 non
380 493 507 530 eam
542 478 612 545 pe
665 492 819 531 eram
854 478 979 532 Beae

1142 557 1337 616 XLIV

404 657 839 722 Tertullianus
876 657 952 723 de
990 658 1203 723 anima
1230 659 1319 723 20
1353 659 1604 724 ‘comici
1647 658 1994 746 Phrygas
2040 660 2249 725 timi-

225 764 357 827 dos
402 762 746 829 inludunt?

368 883 449 939 Cf.
479 884 809 953 Apollodori
848 885 1242 943 citharoedus:
1299 888 1366 941 οὐ
1411 895 1704 958 πανταχοῦ
1753 887 1902 956 Φρύξ
1953 887 2087 958 εἰμι’
2145 895 2245 941 τοῦ

220 958 323 1026 ζῆν
359 952 432 1024 ἢν
469 955 581 1024 ὁρῶ
617 961 885 1023 Κοεῖττον
919 957 984 1011 τὸ
1022 957 1096 1027 μὴ
1134 960 1251 1027 ζῆν,
1287 957 1560 1028 χρήσομαι
1595 962 1671 1031 τῷ
1708 956 2001 1027 κρείττονι.
2062 958 2245 1012 Aliter

220 1042 280 1080 se
317 1025 469 1096 gerit
505 1026 865 1096 Turpilianus
903 1046 954 1082 v.
989 1034 1107 1083 102.

1152 1125 1316 1184 XLV

218 1224 433 1291 Viden
476 1229 552 1289 ut
596 1226 895 1291 cinaedus
941 1226 1162 1291 orbem
1210 1226 1415 1314 digito
1462 1228 1776 1311 temperat
1785 1212 1822 1292 ‘?¹

367 1345 670 1402 Suetonius
708 1347 828 1404 Oct.
869 1354 937 1403 68
979 1348 1100 1401 ‘sed
1137 1350 1195 1402 et
1229 1365 1302 1417 po
1344 1348 1470 1402 ulus
1507 1349 1794 1416 quondam
1828 1348 2121 1402 uniuersus
2158 1348 2243 1401 lu-

220 1418 422 1473 dorum
458 1418 551 1472 die
588 1421 647 1473 et
685 1417 902 1488 accepit
937 1418 999 1472 in
1035 1422 1295 1474 contume
1323 1419 1435 1473 'am
1480 1418 1599 1473 eius
1638 1421 1697 1472 et
1734 1434 1963 1473 assensu
1997 1418 2241 1474 maximo

222 1488 619 1558 comprobauit
643 1505 868 1544 uersum
893 1489 955 1543 in
984 1506 1188 1545 scaena
1213 1488 1641 1560 pronuntiatum
1669 1489 1738 1543 de
1775 1489 1962 1559 gallo
1998 1489 2242 1543 matris

218 1561 413 1615 deum
447 1560 995 1631 tympanizante:
1032 1561 1272 1615 uiden'
1304 1577 1352 1615 e.
1374 1579 1426 1630 q.
1449 1579 1491 1617 s.
1542 1561 1633 1615 Ad
1661 1563 1918 1630 togatam
1948 1559 2038 1630 (cf.
2069 1560 2240 1615 Attae

216 1630 591 1703 Megalensia)
620 1634 719 1686 aut
747 1632 822 1686 ad
846 1631 1082 1686 mimum
1101 1632 1189 1703 (cf.
1213 1632 1365 1687 Galli
1390 1631 1637 1698 Laberii)
1655 1630 1934 1701 pertinere
1961 1630 2240 1686 videntur.

362 1720 445 1789 Of.
486 1721 786 1777 Lobcckius
819 1722 1090 1793 Aqlaoph.
1130 1727 1268 1776 1016

1128 1852 1323 1912 XLVI

214 1952 302 2019 Di
339 1952 742 2020 inmortales!
791 1952 949 2039 quas
986 1976 1105 2042 ego
1142 1976 1411 2043 pugnas,
1451 1954 1722 2040 quantas
1761 1958 2007 2043 strages
2044 1953 2239 2020 edidi!

361 2074 554 2131 Cicero
592 2075 754 2147 epist.
793 2076 869 2130 ad
903 2077 1021 2131 Att.
1050 2076 1078 2130 Ι
1114 2083 1198 2147 16,
1229 2081 1259 2130 1
1302 2076 1403 2130 ‘di
1439 2076 1872 2132 inmortales!
1911 2092 2078 2145 quas
2116 2091 2240 2145 ego

210 2163 479 2217 pugnas
518 2149 585 2201 et
621 2149 918 2216 quantas
956 2149 1227 2217 strages
1265 2147 1481 2203 edidi!
1530 2165 1669 2217 quos
1708 2146 1950 2216 impetus
1987 2146 2048 2199 in
2083 2145 2240 2200 Piso-

214 2235 362 2287 nem,
402 2217 464 2272 in
501 2217 811 2288 Curionem,
848 2216 910 2271 in
946 2219 1129 2273 totam
1163 2217 1324 2273 illam
1350 2236 1580 2273 manum
1606 2217 1741 2273 feci!
1782 2235 1892 2286 quo
1920 2217 2086 2272 modo
2117 2234 2241 2270 sum

219 2289 536 2344 insectatus
572 2288 867 2345 leuitatem
902 2305 1115 2359 senum,
1150 2288 1449 2344 libidinem
1475 2288 1786 2344 iuuentutis
1800 2290 1836 2344 ε’
1891 2287 2122 2343 Servum
2149 2286 2240 2340 vel

213 2359 530 2430 parasitum
566 2359 628 2413 in
665 2359 956 2414 comoedia
991 2359 1332 2430 gloriantem
1368 2364 1427 2415 et
1461 2360 1743 2431 tragicum
1771 2359 2015 2414 colorem
2052 2357 2239 2412 adfec—

213 2434 434 2486 tantem
469 2430 575 2485 illa
608 2429 934 2501 praedicare
969 2430 1224 2500 potuisse
1261 2431 1579 2501 suspicatus
1617 2449 1757 2486 sum.

359 2519 419 2572 di
448 2518 783 2574 inmortales
818 2527 882 2575 ut
919 2522 1253 2575 adsumerem
1287 2522 1464 2577 suasit
1498 2521 1624 2575 Bue

1108 2651 1334 2710 XLVII

210 2801 228 2819 .
272 2752 597 2838 persuasit
640 2752 856 2818 animo
901 2752 1146 2839 uinum,
1184 2751 1339 2817 deus
1376 2751 1489 2837 qui
1523 2750 1731 2817 multo
1770 2754 1868 2816 est
1902 2750 2239 2815 maximus.

351 2874 553 2928 Festus
581 2890 635 2943 p.
668 2879 770 2928 158
797 2872 872 2929 M.
897 2873 1347 2942 ‘metonymia
1382 2875 1470 2929 est
1495 2875 1704 2943 tropos,
1733 2890 1860 2927 cum
1889 2870 1960 2926 ab
1990 2886 2056 2926 eo
2085 2871 2237 2940 quod

210 2944 466 3000 continet
503 2943 853 3014 significatur
887 2943 949 2998 id
985 2945 1138 3013 quod
1175 2944 1509 3014 continetur,
1549 2947 1652 2998 aut
1680 2943 1930 3026 superior
1956 2941 2235 3012 inferiore,

210 3016 339 3070 aut'
382 3016 509 3086 (‘et'
551 3015 696 3086 cod.)
737 3014 990 3070 ‘inferior
1036 3014 1335 3085 superiore.
1410 3014 1565 3081 Quae
1611 3017 1864 3070 continet
1908 3013 2060 3083 quod
2105 3029 2237 3067 con-

208 3087 441 3156 tinetur,
478 3088 546 3141 ut
581 3085 793 3140 Ennius
823 3117 890 3127 —
919 3086 992 3140 ab
1031 3102 1096 3140 eo
1135 3087 1287 3154 quod
1325 3085 1644 3141 continetur
1679 3086 1741 3139 id
1778 3085 1931 3155 quod
1967 3083 2235 3153 continet,

210 3161 277 3213 ut
312 3175 440 3212 cum
491 3155 723 3213 dicitur:
771 3159 941 3227 epota
978 3157 1251 3226 amphora
1284 3157 1422 3212 uini.
1497 3173 1532 3211 a
1567 3156 1852 3227 superiore
1888 3155 2135 3225 inferior,
2171 3157 2239 3208 ut

208 3228 610 3283 Ennius—ab
638 3227 899 3283 inferiore
929 3227 1197 3298 superior,
1234 3231 1324 3284 ut:
1361 3228 1743 3298 persuasit’
1785 3244 1832 3283 e.
1854 3246 1907 3297 q.
1929 3244 1970 3282 s.
2026 3226 2235 3281 Poetae

210 3298 477 3370 anonymi
515 3297 716 3354 Graeci
753 3302 915 3370 (1274
951 3299 1041 3370 Κ.)
1081 3293 1235 3362 οἶνός
1283 3297 1344 3369 μ’
1387 3298 1569 3354 ἔπεισε
1606 3297 1893 3370 δαιμόνων
1930 3296 2238 3367 ὑπέρτατος

213 3371 412 3426 comici
450 3387 524 3425 an
560 3369 765 3440 tragici
800 3386 993 3424 versus
1033 3369 1110 3425 sit
1144 3368 1419 3424 incertum
1455 3369 1597 3425 dicit
1632 3368 1965 3424 Meinekius.

208 3478 527 3606 7ηπιΙητῖιὶο
561 3476 648 3531 ita
682 3478 937 3548 suppleas
1117 3474 1303 3530 animo
1341 3492 1441 3532 om.
1481 3476 1800 3547 Spcnyelius
1835 3477 2113 3531 senarium
2150 3474 2235 3528 di-

311 3566 430 3604 cens
1989 3592 1990 3595 ,
