2610 4007
352 150 439 215 56
508 196 515 202 .
1008 146 1377 203 oAEcmws
1416 146 1714 219 s'rfflvs

354 312 415 365 et
449 309 548 378 qui
586 311 782 364 contra
817 324 945 362 eum
973 307 1291 362 Gellianam
1328 307 1496 361 fidem
1531 307 1732 362 merito
1770 307 2085 363 vindicavit
2119 308 2385 363 Ritsche-

354 380 467 435 lius
503 380 539 436 l.
567 380 605 436 l.
636 380 726 452 (of.
753 398 806 449 p.
840 381 979 449 135).

1347 458 1378 515 Ι

251 579 318 630 '75
358 614 372 628 .
420 613 435 626 .
483 582 852 626 aerumnam
898 560 1141 645 pariter
1184 558 1467 623 tetulisti'
1506 581 1731 624 meam.

498 683 717 738 Nonius
766 688 892 751 178,
933 687 997 735 17
1059 680 1365 750 ‘tetulit‚
1420 680 1557 734 tulit
1613 724 1623 734 .
1667 725 1730 735 ..
1789 652 2066 735 Caecilius
2120 680 2387 751 Hippo-

357 754 686 810 bolimen:
726 753 1070 807 aerumnam'
1113 768 1159 807 e.
1201 769 1253 820 q.
1295 770 1336 805 s,
1376 751 1941 821 (Hypobolimaeo
1979 751 2250 822 Scaliger)

501 862 833 916 Praemittas
867 875 1001 915 nam
1035 874 1255 913 mecum

1334 974 1397 1033 H

360 1075 570 1142 Fssius
613 1075 835 1158 <meus
881 1076 1144 1160 eccum>
1189 1075 1431 1140 incedit
1467 1074 1541 1139 1'n
1579 1097 1681 1140 me
1723 1079 1824 1140 sat
1860 1075 2069 1140 hilara
2109 1073 2388 1139 schema.
2435 1049 2443 1057 ο

505 1195 826 1251 Priscianus
870 1215 924 1266 p.
964 1203 1067 1251 679
1105 1197 1165 1253 P.
1243 1195 1545 1250 ‘schema
1592 1212 1695 1266 pro
1747 1196 2046 1251 schemate.
2120 1194 2386 1249 Valerius

366 1313 377 1324 .
411 1312 422 1322 .
457 1313 466 1323 .
497 1266 732 1321 Plautus
763 1312 773 1322 .
807 1311 817 1323 .
851 1311 861 1323 .
893 1267 1170 1322 Caecilius
1206 1267 1268 1321 in
1301 1266 1551 1337 Hippo:
1597 1266 1769 1321 filius'
1810 1284 1855 1322 e.
1896 1285 1949 1336 q.
1990 1285 2030 1322 s.
2070 1264 2388 1337 (cecilius

363 1340 500 1408 Reg.
549 1337 764 1394 Amien.
812 1339 986 1409 Bong.
1036 1338 1318 1393 cicilius
1374 1338 1540 1408 Sang.
1590 1338 1748 1394 Grut.
1927 1338 2137 1416 hippo
2184 1337 2385 1391 Bamb.

303 1480 309 1487 ⁶
361 1409 582 1465 Amien.
610 1410 787 1480 Bong.
815 1410 983 1464 Halb.
1022 1410 1245 1480 hyppo
1281 1410 1412 1464 Vat.
1441 1428 1514 1463 m.
1546 1409 1663 1479 alt,
1693 1426 1798 1464 om.
1828 1428 1899 1492 m.
1930 1428 2011 1479 pr.
2048 1417 2206 1479 ¹ppo
2243 1409 2385 1478 Reg.

365 1481 527 1551 ippo
573 1480 741 1536 Barb.
823 1481 983 1551 lupo
1030 1480 1197 1551 Sang.
1248 1480 1405 1536 Grut.
1481 1496 1650 1550 eppo
1699 1480 1928 1537 Carohr.
2002 1479 2388 1550 Hypoboli-

365 1568 552 1607 maeo
590 1551 870 1607 Robertu's
908 1552 1247 1623 Stephanus)
1903 1568 1906 1569 ⁷

509 1675 723 1714 eccum:
762 1659 834 1726 cf.
873 1676 979 1714 cor.
1017 1658 1145 1712 XXI
1179 1659 1432 1714 Baebius
1457 1659 1521 1712 in
1547 1658 1908 1714 Studemundi
1941 1660 2083 1714 stud.
2121 1658 2173 1711 H
2210 1663 2314 1712 405

365 1730 581 1784 incedit
606 1729 668 1783 in
692 1745 782 1783 me
819 1731 1014 1799 scripsi
1050 1729 1111 1783 in
1136 1746 1226 1784 me
1254 1731 1358 1799 (bis
1384 1730 1623 1801 Amicii.)
1648 1729 1865 1783 incedit
1900 1750 1944 1783 ω
2067 1731 2157 1782 sat
2190 1731 2392 1797 scripsi

368 1799 508 1855 satis
544 1821 588 1854 ω
731 1799 937 1866 hilaria
981 1801 1112 1872 Req.
1186 1799 1356 1854 hilari
1396 1801 1593 1856 Bamb.
1631 1802 1847 1856 Amien.
1993 1816 2179 1854 scema
2215 1800 2386 1870 Sany.

378 1873 539 1927 Vina.
576 1872 756 1943 Bonq.
795 1872 968 1927 Barb.
1011 1872 1168 1927 Grut.
1210 1872 1462 1940 Carolir'„
1496 1879 1634 1927 recte
1743 1872 2036 1928 Senaaeiwn
2071 1873 2201 1926 olim
2236 1871 2393 1924 filius

367 1943 428 1996 in
464 1942 593 1996 med
629 1941 844 1996 incedit
879 1960 1002 1998 cum
1038 1943 1242 1998 Bothio
1269 1945 1620 1999 exhibueram

1332 2076 1425 2135 III

366 2176 498 2242 Abi
542 2176 695 2241 hinc
741 2181 841 2264 tn,
887 2177 1145 2243 stolide:
1192 2177 1354 2262 [uis]
1401 2178 1499 2242 illi
1544 2181 1619 2242 ut
1665 2178 1788 2242 tibi
1834 2176 1922 2242 sit
1965 2182 2164 2262 pater.

509 2299 710 2353 Festus
745 2318 799 2368 p.
831 2303 934 2353 317
972 2299 1046 2354 M.
1091 2298 1449 2365 ‘stolidus‚
1500 2299 1706 2353 stultus
1755 2331 1827 2340 —
1874 2330 1942 2340 —
2002 2298 2278 2353 Caecilius
2329 2298 2395 2351 in

370 2369 842 2439 Hypobolimaeo:
882 2369 999 2424 abi’
1042 2388 1088 2425 e.
1109 2388 1161 2438 q.
1184 2388 1225 2424 s.
1284 2369 1479 2439 Senex,
1518 2385 1685 2438 quem
1720 2370 1791 2424 de
1826 2369 2176 2424 restituendo
2214 2369 2394 2424 Chae-

370 2443 610 2495 restrato
666 2440 1025 2511 tergiversari
1079 2444 1273 2495 narrat
1328 2440 1710 2506 Quintilianus
1746 2442 1774 2495 I
1812 2447 1903 2511 10,
1957 2441 2194 2495 stultum
2249 2439 2396 2495 dicit

374 2512 815 2581 adulescentem,
854 2512 952 2581 qui
989 2529 1117 2566 cum
1154 2512 1227 2566 ab
1264 2512 1390 2581 ipso
1428 2512 1638 2582 optime
1674 2511 1905 2567 habitus
1942 2512 2137 2581 fuerit,
2179 2511 2295 2565 iam
2329 2511 2396 2565 in

373 2583 557 2654 ignoti
592 2582 836 2637 hominis
875 2584 1103 2638 domum
1138 2583 1480 2638 transiturus
1518 2583 1607 2638 sit.

513 2689 601 2743 uis
642 2691 734 2772 ‚ve-l
785 2688 945 2744 uisne
994 2692 1077 2745 vel
1131 2691 1348 2772 aliquid
1401 2691 1747 2745 inserendum
1792 2692 2021 2771 ραταυίς
2092 2688 2182 2742 dic
2229 2703 2395 2759 prop.

370 2762 509 2890 facua
637 2759 725 2813 1111
770 2763 1095 2831 interpretor
1137 2761 1282 2830 nhc,
1336 2763 1399 2816 in
1443 2763 1546 2817 illa
1590 2762 1760 2817 domo,
1815 2760 1915 2815 ille
1950 2762 2214 2829 Bothius,
2263 2760 2394 2827 fort.

1337 2912 1425 2970 IV

375 3011 654 3099 Quaeso,
697 3034 777 3078 ne
824 3016 1062 3078 temere
1105 3012 1272 3077 hanc
1317 3014 1454 3077 rem
1501 3034 1653 3098 agas
1661 3064 1678 3098 ‚
1723 3034 1803 3077 ne
1849 3012 2256 3076 iracunditer.

516 3133 735 3189 Nonius
799 3138 929 3202 515,
987 3140 1015 3187 1
1086 3132 1563 3189 ‘iracunditer.
1657 3133 1932 3188 Caecilius
1998 3131 2397 3188 Subditiuo:

381 3206 613 3275 quaeso’
645 3221 691 3261 e.
713 3223 765 3274 q.
795 3223 836 3260 s.
901 3203 982 3259 Cf.
1012 3204 1308 3259 Menandri
1344 3204 1451 3260 inc.
1481 3206 1635 3260 XXV
1662 3209 1787 3276 (574
1815 3204 1930 3276 K.):
1970 3205 2021 3259 εἰ
2055 3205 2152 3259 καὶ
2188 3201 2400 3274 σφόδρ’.

375 3278 582 3347 ἀλγεῖς,
632 3274 808 3346 μηδὲν
853 3273 1222 3346 ἠρεθισμένος
1265 3274 1496 3349 Πράξῃς
1539 3285 1851 3345 προπετῶς·
1901 3276 2069 3346 ὀργῆς
2112 3275 2222 3345 γὰρ
2269 3276 2399 3330 ἀλο-

376 3345 567 3418 γίστου
603 3356 830 3417 κρατεῖν
859 3344 961 3402 Ἐν
995 3355 1118 3410 ταῖς
1151 3356 1425 3419 ταραχαῖς
1461 3346 1696 3420 μάλιστα
1732 3348 1832 3403 τὸν
1869 3355 2195 3418 φρονοῦντα
2231 3348 2334 3401 δεῖ.

522 3471 683 3524 agas,
734 3470 805 3508 ne
856 3462 982 3509 ante
1031 3454 1240 3509 Aldum
1293 3470 1429 3524 agas
1482 3457 1540 3509 et
1588 3471 1660 3509 ne
1712 3476 1786 3510 ωε
1842 3455 1912 3522 cf.
1955 3453 2404 3510 CFWMueller

368 3527 590 3596 prosod.
629 3525 818 3581 Plaut.
862 3531 964 3580 154
