2610 4007
839 161 899 215 T.
940 161 1289 227 QV1NCTIV
1291 161 1328 215 S
1365 161 1561 216 ATTA
2081 160 2207 226 189

827 339 859 352 ”
872 329 1146 400 AQVAE
1198 329 1515 395 GALDAE

1179 455 1212 513 Ι

177 554 396 633 Quam
441 556 801 621 meretricie
848 557 949 621 em
993 556 1302 641 lupantur
1346 557 1568 621 ndstro
1616 560 1848 621 ornatu
1892 558 2007 640 per
2043 556 2208 621 uias!

326 676 544 732 Nonius
585 683 703 746 133,
745 682 809 731 12
852 676 1136 746 ‘lupari‚
1173 679 1238 731 ut
1275 676 1511 731 scortari
1547 676 1641 731 001
1677 676 1982 746 prostitui.’

330 801 503 852 quam
537 785 747 839 conieci
781 799 908 836 cum
946 803 988 836 ω
1113 782 1427 836 meretricie
1464 799 1554 836 em
1587 784 1788 852 scripsi
1821 783 2148 837 mereti-icae
2177 800 2208 837 0

182 856 413 910 FHL’
447 854 739 909 meretrice
777 870 807 908 e
844 854 986 908 PW
1012 852 1343 908 meretricae
1378 854 1459 907 L¹
1494 853 1724 908 metrice
1761 854 1854 909 Ba
1889 854 2207 908 meretrices

177 928 470 983 Mercerus
518 925 906 980 meretriculae
957 925 1166 980 Onions
1214 924 1534 979 meretrices
1584 925 1693 979 hae
1739 926 1985 981 Kochius
2032 942 2207 979 mere-

177 997 351 1052 tricie
388 999 513 1053 Bae
618 999 811 1051 nostro
848 999 980 1067 (usic
1016 996 1204 1052 Vrbin.
1244 998 1369 1066 307)
1407 999 1609 1050 ornatu
1643 1011 1745 1066 per
1779 995 1903 1050 uias
1940 997 2208 1066 lupantur

177 1090 222 1123 ω
282 1069 555 1138 lupantur
594 1086 648 1122 n.
689 1086 737 1122 0.
776 1084 876 1137 per
911 1085 965 1122 0.
1004 1067 1128 1122 Rue
1184 1068 1298 1136 (sed
1350 1069 1494 1123 idem
1546 1069 1673 1121 cum
1726 1067 1840 1136 lup.
1878 1086 1931 1121 n.
1973 1085 2021 1122 0.
2059 1087 2114 1137 p.
2151 1085 2205 1122 u.

175 1139 499 1194 meretricie
529 1140 797 1210 praefert)
954 1141 1178 1193 enostro
1216 1140 1307 1209 (sc.
1340 1141 1639 1208 pwrpwreo)
1677 1141 1878 1193 ornatu
1915 1139 2210 1195 Stowaeser

177 1213 245 1266 in
291 1211 597 1279 Woelfflini
631 1212 777 1268 ota-ch.
817 1210 842 1263 Ι
879 1215 980 1264 592

1163 1325 1226 1383 H

179 1425 432 1512 'Aquae
499 1428 590 1491 ita
649 1426 1068 1513 muginzintur
1130 1426 1338 1490 hodie.
1388 1463 1471 1472 —
1517 1423 1741 1509 'Atqui
1797 1447 1915 1512 ego
1962 1425 2207 1489 fontem

1465 1532 1807 1600 occluserO.
2225 1541 2313 1601 4s5

329 1653 548 1709 Nonius
580 1660 700 1724 139,
729 1660 762 1708 5
803 1653 1201 1723 ‘muginari‚
1238 1669 1585 1707 murmurare
1626 1697 1637 1708 .
1669 1695 1680 1707 .
1713 1696 1725 1708 .
1754 1653 1894 1706 Atta
1930 1651 2056 1719 quis
2093 1650 2206 1706 cal-

187 1726 302 1781 dis:
342 1726 533 1793 atque’
575 1741 622 1779 e.
662 1743 715 1793 q.
756 1743 797 1783 s·

332 1848 514 1901 aquae
552 1831 635 1886 ita
679 1833 1059 1903 Quicheratius
1093 1838 1146 1885 et
1181 1832 1307 1886 Bae
1345 1834 1513 1898 atque
1552 1830 1642 1885 eia
1679 1832 1794 1900 (eta
1822 1831 1919 1901 W)
1956 1851 1998 1884 ω
2038 1832 2208 1899 atque

188 1903 274 1958 ita
308 1904 519 1959 Jumius
554 1905 725 1971 atque
763 1901 936 1957 etiam
971 1903 1209 1958 Bothiws
1352 1903 1623 1958 Personas
1657 1919 1781 1958 cum
1816 1903 1940 1957 Bue
1975 1903 2210 1957 distinxi

297 1974 459 2044 atqui
494 1976 693 2046 scripsi
730 1976 899 2043 atque
937 1995 979 2029 ω
1113 1972 1330 2029 fontem
1365 1973 1647 2029 occlusero
1684 1974 1923 2031 Bothius
1958 1973 2209 2029 oculsero

188 2047 497 2171 {occulsero
535 2047 605 2101 H
635 2046 851 2100 culsero
897 2047 1014 2114 W1)
1050 2045 1297 2100 fonteme
1337 2045 1572 2114 (fontem
1609 2046 1805 2115 H2W)
1842 2066 1885 2099 ω
1924 2045 2207 2100 occlusero

213 2120 405 2173 ontem
440 2119 558 2173 edd.
596 2125 724 2175 ante
761 2118 1071 2174 Mei-cerum

918 2283 1487 2344 CONOILIATRIX

255 2457 267 2470 .
315 2458 330 2470 .
377 2427 600 2470 ursum
646 2407 714 2469 se
758 2404 1172 2470 memordisse
1218 2407 1527 2469 autumat.

332 2526 549 2581 Gellius
586 2525 664 2579 VI
700 2526 844 2608 (VII)
881 2532 932 2595 9,
971 2532 1002 2581 8
1045 2526 1167 2580 ‘sed
1204 2525 1266 2591 Q.
1304 2524 1519 2578 Ennius
1565 2523 1627 2577 in
1674 2523 1878 2578 saturis
1928 2539 2206 2578 memor-

197 2597 377 2651 derit
414 2597 562 2651 dixit
595 2613 695 2667 per
732 2613 762 2651 e
797 2597 1074 2667 litteram,
1111 2614 1225 2652 non
1259 2595 1627 2651 momorderit
1665 2639 1676 2650 .
1708 2639 1720 2650 .
1753 2639 1763 2649 .
1802 2594 1940 2649 item
1975 2595 2114 2649 Atta
2149 2594 2210 2648 in

196 2667 618 2725 Conciliatrice:
654 2670 865 2722 ursum’
908 2686 953 2724 0.
993 2687 1047 2737 q.
1087 2686 1128 2723 ε.
1199 2668 1420 2723 Nonius
1461 2672 1580 2737 140,
1618 2672 1685 2720 22
1728 2665 2077 2720 ‘memordi
2113 2683 2209 2735 pe·

194 2739 348 2863 gomi
392 2739 604 2809 pepugi
651 2739 924 2809 spepondi
969 2739 1030 2793 in
1074 2739 1361 2794 ueteribus
1416 2738 1566 2793 lecta
1621 2740 1767 2792 sunt.
1840 2736 2086 2791 Accius
2142 2736 2211 2790 in

244 2810 718 2866 oniliaatrice:
782 2812 993 2864 ursum’
1053 2826 1098 2866 e.
1138 2828 1190 2878 q.
1230 2829 1271 2864 0.
1347 2810 1535 2879 (Atta
1587 2808 1655 2862 in
1712 2807 2210 2864 Conciliatrice

195 2881 328 2936 Lud.
369 2881 559 2937 Carrio
598 2881 811 2938 emend.
849 2882 875 2935 I
915 2884 1003 2951 14)

938 3048 1452 3109 GRATVLATIO

199 3167 463 3235 Nihilne
510 3171 576 3233 te
621 3168 853 3253 popuh'
891 3171 1169 3252 ueretnr,
1215 3167 1332 3253 qui
1373 3168 1722 3234 uociferere
1768 3167 1840 3232 1'n
1883 3169 2036 3233 uia?

333 3288 553 3344 Nonius
589 3294 712 3358 496,
752 3294 818 3343 32
859 3290 1008 3343 ‘cum
1045 3289 1147 3345 sit:
1195 3292 1474 3344 ueretur
1519 3289 1679 3342 illam
1714 3305 1832 3343 rem
1870 3333 1881 3344 .
1915 3334 1925 3344 .
1959 3334 1970 3344 .
2008 3288 2209 3343 ueteri-

200 3358 299 3414 bus
334 3359 630 3430 genetiuos
665 3377 768 3430 pro
806 3360 1131 3416 accusatiuo
1167 3361 1302 3430 poni
1337 3361 1528 3430 placet
1567 3402 1578 3414 .
1612 3403 1624 3415 .
1657 3403 1667 3414 .
1701 3402 1711 3414 .
1741 3360 1913 3415 Acta
1950 3359 2212 3415 Gratula-

202 3430 374 3488 tione:
412 3431 651 3485 nihilne’
692 3448 737 3486 e.
777 3449 829 3500 q.
870 3449 912 3487 0.

336 3538 432 3592 An
467 3536 659 3592 nilne?
