2610 4007
261 1991 332 2041 95

354 137 489 201 208
1138 135 1198 188 L.
1237 135 1603 188 AFRANIVS

1278 303 1453 361 XVII

359 407 469 472 Sic
515 409 614 470 fast
657 410 893 489 orator,
935 406 1001 469 εἰ
1040 406 1214 489 quod
1257 409 1497 488 oretur,
1540 404 1710 468 tulin

501 528 700 582 Festus
736 547 790 597 p.
824 534 926 582 182
963 528 1038 582 M.
1094 528 1437 581 ‘oratores
1487 559 1551 566 —
1598 558 1669 566 —
1714 557 1787 565 —
1832 525 1978 579 alias
2030 543 2135 594 pro
2190 526 2413 595 depre-

359 599 675 667 θεῖοι-ὤας,
731 603 794 652 ut
840 599 1159 654 Terentius:
1215 602 1425 652 orator.
1452 596 1645 665 uenin,
1692 596 1866 651 facite
1913 601 2176 651 exorator
2232 599 2410 651 siem.

359 672 503 725 Item
549 675 607 724 et
650 670 915 723 Afranius
966 670 1028 722 in
1072 669 1470 737 Emancipato:
1527 668 1623 721 sic
1679 673 1785 721 est
1838 671 2101 734 orator,
2159 667 2217 721 si
2273 669 2412 736 qui

361 743 587 796 oritur
624 785 637 795 .
661 786 672 794 .
695 786 707 796 .
730 786 742 796 .
783 740 949 794 alias’
980 758 1026 794 e.
1056 758 1110 808 q.
1142 759 1184 793 s,

506 853 719 914 oretur,
765 847 901 901 tulit
934 849 1132 915 scripsi
1167 847 1346 900 oritur
1379 846 1498 900 tale
1535 848 1651 901 cod.

1268 1033 1476 1091 XVIII

363 1136 592 1200 Vetm‘t
636 1158 739 1199 me
785 1135 923 1199 sine
967 1135 1255 1198 mercsde
1299 1157 1568 1218 prosum
1611 1133 1880 1197 Pausias

365 1242 675 1306 Remezire
720 1242 789 1305 in
833 1241 1073 1328 ludum.

506 1363 704 1417 Festus
748 1381 803 1432 p.
831 1368 937 1415 277
975 1362 1048 1416 M.
1090 1364 1421 1415 ‘remeare
1466 1361 1649 1415 redire
1685 1393 1756 1401 —
1792 1394 1863 1402 —
1904 1361 2173 1415 Afranius
2221 1366 2289 1415 ut
2338 1361 2409 1415 in

362 1453 442 1489 ea
486 1434 906 1502 mancipato:
947 1433 1162 1486 uetuit'
1194 1449 1240 1488 e.
1270 1451 1325 1501 q.
1356 1451 1397 1485 ε.

510 1549 538 1595 1
576 1559 805 1611 prosum
841 1540 1024 1594 uetuit
1060 1543 1328 1610 coniunyc
1469 1538 1706 1592 Pausias
1741 1541 1954 1608 scripsi,
1996 1557 2127 1593 nam
2164 1539 2410 1594 Graecis

370 1616 687 1668 nominibus
720 1630 855 1666 usus
888 1619 966 1667 est
1000 1613 1281 1678 Afranius
1316 1629 1364 1665 v.
1406 1616 1524 1665 136.
1562 1615 1681 1677 189,
1720 1610 1935 1663 Thaide
1974 1613 2038 1664 in
2075 1614 2407 1681 coynomine

366 1687 577 1752 fabula.
649 1682 885 1752 paucius
920 1685 1034 1737 cod.
1073 1682 1308 1735 Paccius
1346 1682 1591 1752 Scaliqer

1308 1868 1449 1925 XIX

370 1970 538 2035 Heim
577 1970 732 2055 quid
768 1971 909 2035 ais?
947 2010 1030 2017 —
1069 1967 1276 2055 Mane,
1324 1967 1528 2054 Sul-ui⁷
1574 1991 1827 2055 quaeso,
1872 1968 2002 2033 m'si
2046 1968 2408 2034 molest-um

1699 2082 1815 2161 est,
1858 2081 2063 2161 pauca
2107 2080 2261 2140 sunt

372 2169 610 2233 Tficum
657 2191 819 2252 quae
863 2169 1032 2233 uolo,

513 2290 797 2345 Charisius
832 2308 887 2359 p.
918 2296 1022 2342 214
1059 2290 1117 2343 P.
1160 2288 1378 2342 ‘hem.’

516 2404 543 2450 1
585 2413 748 2450 serua
785 2398 867 2451 ed.
898 2414 988 2465 pr.

1329 2528 1438 2584 XX

932 2652 1040 2715 au,
1087 2629 1244 2713 quid
1288 2650 1393 2693 me
1440 2649 1656 2691 censes
1664 2679 1683 2710 ‚
1729 2626 2038 2690 6bsecr0?

374 2739 527 2805 N6n
571 2736 851 2801 audisti?

520 2858 802 2914 Charisius
839 2877 893 2926 p.
927 2864 1030 2910 214
1065 2857 1126 2912 P.
1169 2858 1307 2924 ‘au3
1353 2855 1619 2909 Afranius
1661 2855 1721 2908 in
1756 2854 2129 2924 Emancipato
2167 2854 2408 2927 [mv]

375 2932 529 2985 idem
562 2930 624 2983 in
660 2930 881 2984 eadem:
922 2946 994 2982 au
1029 2927 1188 2996 quid’
1222 2944 1268 2981 e.
1298 2945 1351 2995 q.
1383 2946 1425 2981 S.

377 3045 553 3164 LXVII
580 3056 653 3107 sq.
686 3037 914 3090 obsecro
951 3036 1296 3105 respondenti
1335 3036 1530 3089 tribuit
1567 3034 1941 3101 Heu-mannus,
1977 3034 2069 3088 sed
2104 3034 2175 3101 cf.
2213 3035 2408 3089 coroll.

578 3127 652 3179 sq.

1315 3221 1456 3278 XXI

379 3326 751 3413 Optae'mdum
796 3345 1090 3408 uxorem,
1135 3324 1298 3406 quae}
1344 3343 1475 3385 non
1519 3325 1817 3384 uersatur
1862 3321 2007 3385 uiri.

522 3447 740 3501 Nonius
767 3452 889 3513 496,
912 3452 978 3500 28
1011 3447 1159 3498 ‘oum
1193 3443 1288 3498 sit:
1330 3446 1609 3497 ueretur
1643 3441 1803 3496 illam
1838 3458 1956 3496 rem
1995 3485 2007 3497 .
2030 3485 2074 3496 ..
2112 3441 2412 3497 ueteribus

381 3518 672 3586 genetiuos
718 3533 818 3585 pro
866 3516 1190 3571 accusatiuo
1234 3513 1371 3583 poni
1410 3514 1614 3585 placet.
1688 3512 1952 3568 Afranius
1990 3512 2412 3582 Compitalibus
