2610 4007
341 154 465 219 158
1044 101 1048 107 ⁵
1188 149 1506 205 zmnmvs

1298 319 1394 379 III

338 476 354 489 .
402 446 521 511 ego
568 422 649 488 ab
695 422 843 487 lami
888 421 1087 514 sojgci
1134 420 1214 486 ad
1256 425 1608 506 purpuram
1654 418 1802 485 data
1849 470 1861 483 .
1911 471 1924 484 .
1974 471 1986 483 .

479 527 676 581 Festus
713 545 767 597 p.
798 531 899 581 301
929 526 1004 580 M.
1046 524 1295 594 ‘solox‚
1333 524 1467 578 lana
1503 540 1708 593 crassa,
1746 526 1805 579 et
1829 539 2019 594 pecuS‚
2049 524 2202 592 quod
2227 540 2375 593 pas-

339 599 445 653 sim
479 598 732 668 pascitur
766 614 880 650 non
913 599 1142 651 tectum.
1217 595 1466 649 Titinius
1502 595 1563 649 in
1607 595 1918 651 barrato:
1969 596 2096 664 ego’
2138 610 2185 650 e.
2225 612 2281 663 q.
2327 612 2379 651 s.

336 669 547 725 Paulus
582 687 635 739 p.
668 674 773 722 300
809 669 885 723 M.
927 666 1157 721 ‘solox
1192 666 1328 721 lana
1365 682 1555 720 crassa
1589 666 1682 720 uel
1717 682 1889 736 pecus
1927 664 2062 720 lana
2097 683 2213 721 non
2247 669 2381 720 tec-

337 745 474 796 tum.
550 738 859 795 Titinnius:
897 738 1051 792 lana’
1094 754 1139 793 e.
1180 756 1232 806 q.
1272 755 1313 794 s.

482 828 656 883 soloci
691 826 826 881 lana
862 827 1143 883 Men-cerus
1178 829 1421 883 iambum
1455 827 1677 883 metiens
1909 824 2104 880 delata
2141 842 2266 880 sum
2306 828 2385 881 in

345 903 501 957 eoeitu
533 918 581 955 v.
619 916 734 954 non
766 899 981 954 vidam
1015 905 1208 969 aptum
1242 915 1351 954 esse

1308 1029 1397 1088 IV

340 1185 352 1197 .
400 1185 413 1198 .
462 1184 475 1197 .
524 1184 537 1197 .
584 1133 798 1219 frygio
844 1132 940 1196 fui
985 1131 1196 1216 primo
1242 1129 1532 1215 beneque
1576 1130 1645 1195 id
1691 1150 1852 1215 opus
1896 1130 2084 1196 sciui:

204 1243 214 1296 ἶ
270 1256 301 1303 5
339 1238 599 1322 Reliqui
645 1260 794 1304 acus
838 1237 1134 1323 aciesque
1180 1259 1289 1303 ero
1338 1241 1530 1322 atque
1578 1238 1721 1301 erae
1765 1240 2022 1302 nostrae
2069 1288 2082 1301 .
2131 1289 2147 1302 .
2194 1286 2210 1302 .
2261 1288 2274 1302 .

480 1342 698 1398 Nonius
736 1350 794 1411 3,
834 1348 903 1398 20
940 1341 1389 1482 [‘frygionqz])
1417 1385 1428 1396 .
1460 1385 1472 1397 .
1505 1384 1516 1395 .
1549 1383 1561 1395 .
1601 1339 1846 1395 Titinius
1881 1340 2214 1397 barbato:
2251 1340 2382 1410 fry-

342 1413 458 1484 gio’
499 1429 545 1468 e.
585 1431 638 1482 q.
678 1432 720 1469 s.
760 1412 1114 1485 (titinnius
1151 1413 1286 1466 HL¹

486 1508 514 1555 1
554 1520 628 1573 sq.
667 1520 918 1572 numeros
953 1504 1212 1558 constitui
1375 1507 1403 1555 1
1442 1499 1627 1570 frygio
1663 1497 1747 1553 fui
1782 1498 1963 1569 primo
2002 1516 2102 1555 om.
2142 1500 2225 1553 L²

344 1575 438 1643 op’
480 1573 593 1628 ciui
629 1574 724 1629 Ba
857 1579 862 1582 ’
898 1580 931 1629 2
969 1572 1116 1628 atias
1154 1574 1248 1627 Ba
1399 1574 1496 1627 Ad
1531 1587 1665 1625 acus
1705 1570 1967 1639 aciasque
2006 1572 2076 1640 ef.
2115 1572 2381 1628 Petronii

344 1664 387 1701 c.
431 1651 496 1700 76
539 1644 635 1700 ‘ab
673 1645 798 1699 acia
836 1647 894 1699 et
931 1645 1055 1699 acu’
1206 1647 1376 1712 atque
1413 1659 1472 1697 re
1510 1642 1689 1699 BaH
1703 1643 1758 1696 L

1325 1776 1382 1833 V

750 1893 778 1925 f
1221 1876 1393 1962 quod
1440 1876 1698 1962 quidem
1743 1877 1856 1961 pol
1899 1876 2134 1941 mulier
2181 1875 2380 1963 dicet,

342 1981 641 2068 Namque
684 1984 800 2049 uni
844 1982 1080 2072 collegi
1122 2007 1359 2050 sumus,

485 2086 802 2141 Priscianus
838 2106 892 2158 p.
924 2093 1028 2142 694
1054 2088 1115 2145 P.
1160 2088 1309 2143 ‘uni
1344 2105 1446 2158 pro
1473 2087 1641 2142 unius
1668 2087 1910 2142 Titinius
1947 2087 2008 2141 in
2043 2087 2378 2144 barbatos

345 2158 518 2227 quod’
560 2174 605 2213 e.
643 2176 696 2228 q.
736 2177 777 2214 s,
835 2159 1236 2230 (tintinnius
1293 2159 1484 2229 Sang.)
1555 2159 1712 2214 Idem
1757 2177 1812 2240 p.
1854 2163 1957 2213 ’117
1993 2158 2054 2213 Ρ.
2099 2158 2377 2213 ‘Titinius

344 2230 406 2284 in
442 2230 768 2287 barbatos·
797 2232 950 2298 quod
987 2275 999 2286 .
1032 2274 1044 2285 .
1076 2273 1087 2286 .
1128 2247 1347 2299 sumus;
1383 2229 1501 2284 uni
1536 2248 1637 2301 pro
1674 2229 1880 2285 umus.'

459 2390 472 2401 ⁶
490 2325 526 2400 1·
558 2336 630 2390 sq.
668 2336 919 2376 numeros
954 2326 1006 2375 et
1039 2319 1368 2375 Duebmrus
1403 2325 1455 2375 et
1490 2320 1847 2402 Hemawnus
1881 2325 2225 2390 aymverwnt

349 2396 377 2444 1
418 2390 558 2444 dicit
593 2390 727 2462 Req.
764 2408 833 2446 m.
873 2396 923 2460 2,
960 2390 1175 2446 Amaen.
1215 2390 1383 2446 Hazb.
1426 2390 1657 2446 Carolvr.
1688 2407 1746 2460 p.
1789 2394 1910 2459 717,
1947 2410 1990 2444 ω
2020 2407 2080 2460 p.
2121 2395 2227 2444 694

348 2519 379 2568 2
417 2474 632 2586 colligii
668 2515 801 2587 Req.
838 2522 1065 2586 utroque
1103 2515 1217 2571 loeo
1253 2513 1470 2585 colligii
1506 2513 1672 2586 Samq.
1703 2531 1763 2584 p.
1803 2519 1908 2569 694

1310 2646 1398 2705 VI

1325 2748 1418 2813 ita
1464 2751 1731 2833 spurcus

524 2854 871 2921 Animaeitur
913 2855 1093 2941 (ira)
1138 2855 1207 2919 in
1251 2853 1595 2939 proelium:

524 2960 744 3042 Veles,
790 2982 983 3046 eques
1027 2998 1116 3008 —-
1161 2960 1394 3045 recipit
1439 2981 1506 3025 se

244 3085 311 3133 10
524 3066 753 3153 Neque
798 3068 950 3133 ferit
995 3088 1379 3152 quemquam
1425 3065 1695 3132 hostem.

490 3171 709 3226 Nonius
747 3177 880 3241 552,
918 3177 985 3226 25
1026 3171 1270 3240 ‘ueles‚
1322 3169 1466 3224 leuis
1515 3174 1813 3227 amatura.
1889 3170 2170 3226 Titinnius
2216 3172 2378 3226 bar-

351 3242 539 3299 bato:
585 3243 693 3298 ita’
734 3259 780 3297 e.
820 3261 873 3311 q.
914 3260 955 3298 s.
1029 3243 1295 3312 Inpotens
1345 3241 1652 3297 adversarii
1696 3242 1783 3297 ira
1820 3258 1946 3297 cum
1983 3242 2173 3298 nescio
2212 3242 2377 3297 cuius

347 3313 527 3368 hostis
573 3314 789 3386 impetu
834 3313 1089 3369 invalido
1136 3313 1503 3395 contemptim
1548 3317 1922 3384 comparatur.
1997 3314 2202 3368 Totum
2237 3329 2377 3369 vero

348 3383 533 3439 locum
577 3385 847 3441 historico
895 3385 1066 3441 alicui
1112 3384 1219 3439 scri
1258 3388 1371 3439 ton
1419 3384 1576 3439 velut
1622 3385 1890 3440 Sisennae
1929 3384 2201 3440 'adscribit
2238 3383 2376 3450 Qui-

349 3456 818 3581 {liersst'ssgmiei
853 3458 1027 3512 verba
1074 3457 1196 3512 exci
1242 3456 1348 3510 ‘sse
1387 3459 1544 3510 ratus
1558 3499 1572 3524 ‚
1619 3457 2002 3528 adstipulatur
2047 3456 2221 3511 etiam
2257 3455 2378 3510 Leo
