2610 4007
541 223 1073 279 ANONYMORVM
1109 223 1466 278 MIMORVM
1502 222 1892 288 RELIQVIAE
2096 222 2223 285 377

201 386 584 472 manibus,
640 387 865 452 deinde
921 387 1186 451 scabilla
1239 389 1652 471 concrepant,
1711 387 2005 450 aulaeum
2058 385 2230 450 tolli-

201 494 352 559 tur?
431 492 523 558 Of.
562 494 762 558 XXX.

1186 640 1243 697 V

205 741 453 806 Fatuus
528 741 723 807 homo
809 746 960 827 post
1033 743 1226 826 quam
1299 765 1435 807 rem
1506 731 1743 806 h'abere
1816 742 2053 827 coe'pit,
2135 745 2234 806 est

1696 850 2040 913 em6rtuuS.

351 969 578 1024 V—VII
633 970 823 1024 Cicero
872 971 940 1024 de
988 973 1127 1025 orat.
1166 970 1219 1023 II
1265 976 1352 1037 67,
1391 977 1495 1024 273
1555 972 1805 1025 ‘acutum
1861 969 2034 1024 etiam
2087 969 2231 1021 illud

206 1044 318 1109 est,
371 1059 497 1094 cum
544 1058 612 1095 ex
660 1040 892 1096 alterius
939 1041 1193 1096 oratione
1243 1041 1399 1096 aliud
1445 1041 1691 1111 excipias
1743 1045 1913 1110 atque
1957 1040 2056 1094 ille
2105 1039 2235 1094 uult

270 1157 280 1166 .
324 1157 334 1166 .
384 1115 515 1166 sunt
560 1112 733 1165 etiam
777 1112 881 1166 illa
927 1113 1303 1181 subabsurda,
1364 1114 1463 1166 sed
1508 1130 1573 1167 eo
1624 1113 1747 1183 ipso
1793 1112 2017 1166 nomine
2065 1128 2234 1181 saepe

207 1182 474 1252 ridicula,
532 1200 646 1236 non
692 1184 874 1237 solum
918 1183 1140 1237 mimis
1186 1184 1576 1253 pei-apposita,
1625 1184 1723 1237 sed
1770 1183 1942 1238 etiam
1987 1184 2232 1264 quodam

208 1254 374 1308 modo
422 1227 602 1308 nbbis,
652 1255 841 1327 [1—5]
917 1254 1102 1309 Genus
1141 1255 1247 1309 hoc
1289 1255 1472 1309 leuius
1511 1258 1591 1323 et,
1640 1258 1705 1309 ut
1741 1254 1883 1323 dixi,
1929 1254 2230 1322 mimicum,

211 1325 309 1378 sed
357 1325 532 1379 habet
567 1342 680 1379 non
715 1342 1024 1393 numquam
1062 1325 1279 1395 aliquid
1317 1325 1491 1380 etiam
1529 1345 1562 1380 a
1605 1327 1681 1379 ud
1717 1343 1818 1380 nos
1856 1325 1993 1392 loci,
2039 1327 2104 1378 ut
2139 1298 2232 1378 uel

209 1413 324 1449 non
363 1396 567 1449 stultus
605 1396 769 1464 quasi
808 1396 981 1451 stulte
1020 1414 1144 1450 cum
1183 1397 1300 1451 sale
1340 1397 1495 1450 dicat
1533 1415 1566 1451 a
1589 1397 1607 1449 i
1612 1397 1788 1466 quid.’
1849 1396 2074 1450 Laberii
2111 1412 2236 1449 esse

207 1467 274 1522 fr.
295 1468 399 1520 VH
437 1467 751 1536 suspicatur
779 1467 1052 1536 Bergkius
1082 1467 1290 1522 annall
1320 1467 1540 1538 philoll
1574 1474 1711 1523 1870
1748 1487 1801 1539 p.
1834 1474 1955 1535 845,
1994 1469 2053 1521 et
2080 1466 2233 1536 cogi-

212 1538 363 1592 tavit
401 1538 469 1593 de
509 1538 758 1593 eiusdem
793 1541 995 1608 poetae
1034 1538 1210 1607 Aquis
1248 1488 1428 1593 calpdis
1464 1540 1759 1594 Vsenerus.

352 1662 543 1717 fatuus
580 1664 746 1718 homo
783 1665 1085 1732 septenarii
1119 1665 1281 1717 initio
1317 1666 1530 1732 scripsi.
1570 1663 1736 1717 homo
1769 1663 1961 1717 fatuus
1991 1684 2050 1731 ω,
2090 1666 2238 1733 quod

211 1736 416 1789 lacuna
452 1737 701 1790 iudicata
736 1737 866 1789 olim
901 1737 1110 1803 prioris
1146 1737 1356 1789 senarii
1391 1736 1630 1801 frustum
1666 1752 1773 1789 esse
1808 1737 2109 1790 statuebam

210 1809 496 1859 emortuus
533 1808 839 1861 Lambinus
883 1809 1134 1859 mortuus
1172 1827 1214 1859 ω

1174 2029 1261 2087 VI

207 2179 534 2194 ......
586 2130 742 2213 quid
787 2134 883 2194 est
930 2130 1052 2194 tibi
1099 2129 1225 2194 ista
1271 2130 1545 2195 mulier?
1593 2168 1677 2176 —
1723 2129 1940 2194 'onr.
1988 2168 2071 2174 —

210 2234 457 2300 Similis
502 2236 750 2299 medius
794 2235 1008 2300 fidius.

351 2376 645 2445 Disposuit
679 2381 729 2430 et
764 2376 1060 2444 explicavit
1097 2375 1489 2430 Lachmauuus
1526 2377 1588 2428 iu
1624 2374 1789 2429 Lucr.
1827 2379 1945 2428 227.

1161 2595 1280 2653 VII

208 2696 358 2782 (Is)
406 2697 597 2781 quam
646 2697 754 2760 diu
801 2696 883 2760 ad
932 2718 1129 2780 aquas
1174 2696 1326 2780 fuit,
1380 2719 1731 2780 numquam
1779 2701 1878 2761 est
1922 2698 2234 2762 m6rtuus.
2274 2712 2308 2761 5

354 2836 506 2904 quod
544 2835 642 2889 diu
679 2837 882 2907 La9.2
889 2842 1003 2890 ,36
1130 2853 1339 2904 aquam
1374 2836 1514 2907 La9.
1548 2842 1596 2889 2.
1632 2841 1699 2890 36
1829 2836 2085 2892 Fortasse
2119 2854 2234 2891 non

212 2924 481 2975 umquam
527 2914 626 2963 aut
663 2924 770 2976 pro
808 2908 904 2961 illo
950 2905 1061 2960 fuit
1104 2910 1187 2962 vel
1232 2907 1375 2961 uixit
1422 2910 1502 2962 vel
1543 2907 1752 2960 mansit
1786 2910 2127 2963 scribendum
2209 2948 2210 2951 ,

213 2981 498 3033 emoutuus
527 2980 834 3033 Lambinus
973 2995 1143 3046 quam
1181 2978 1278 3031 diu
1320 2980 1392 3032 ad
1431 2995 1605 3047 aquas
1645 2979 1701 3045 f.‚
1739 2996 2045 3047 numquam
2081 2978 2234 3046 quis-

217 3067 389 3118 quam
425 3049 554 3119 (iste
591 3066 896 3117 numquam
932 3051 1077 3118 Bue)
1114 3052 1201 3115 est
1237 3053 1489 3104 mortuus
1527 3052 1800 3121 Beoykius

1146 3270 1295 3328 VIII

344 3371 552 3436 Varro
601 3372 771 3456 apud
815 3369 1252 3456 Augustinum
1301 3372 1377 3436 de
1423 3372 1538 3436 civ.
1588 3373 1690 3436 dei
1734 3371 1829 3437 IV
1876 3374 1961 3436 22
2010 3372 2110 3436 ‘ex
2158 3393 2235 3435 eo

211 3480 385 3544 enim
448 3479 829 3563 poterimuS,
893 3478 1133 3561 inquit,
1199 3478 1362 3543 scire
1428 3501 1617 3562 quem
1678 3479 1984 3563 cuiusque
2045 3500 2235 3542 causa

214 3587 404 3651 deum
460 3586 759 3649 inuocare
815 3589 1007 3668 atque
1063 3584 1373 3648 aduocare
1432 3584 1796 3649 debeamus:
1857 3606 1946 3649 ne
2000 3585 2233 3649 facia-
