2610 4007
549 158 1082 215 ANONYMORVM
1118 158 1475 213 MIMORVM
1509 159 1902 225 RELIQVIAE
2105 163 2232 227 381

215 320 378 375 libris
416 319 707 389 Sibyllinis
746 322 804 373 et
840 317 1110 379 uaticinio
1148 318 1347 372 Marcii
1383 319 1531 373 uatis
1569 319 1880 387 institut08‚
1917 339 2021 376 nec
2057 322 2235 376 nomi-

219 397 389 446 natur
423 392 571 445 ullus
599 390 963 460 Pomponius:
1002 389 1349 457 ridiculeque
1388 390 1457 443 de
1493 390 1618 459 ipsa
1656 392 2036 461 appellatione
2072 411 2237 462 para-

220 464 455 518 sitorum
489 461 769 533 Apollinis
815 462 909 515 hic
954 479 1183 515 causam
1228 461 1438 530 reddit,
1488 478 1613 515 cum
1650 463 1710 516 in
1748 480 1813 517 eo
1859 465 2234 533 praeterisset.

220 535 305 589 ait
350 534 499 589 enim
534 534 618 587 ita
656 531 955 602 appellari,
1003 533 1151 600 quod
1191 532 1247 587 C.
1277 532 1635 602 Volumnius,
1682 534 1780 602 qui
1827 537 1900 588 ad
1947 535 2240 589 tibicinem

220 605 472 675 saltarit,
520 605 966 658 secundarum
1010 603 1314 673 partium
1348 603 1544 670 fuerit,
1592 605 1708 672 qui
1745 605 1886 660 fere
1925 606 2238 660 omnibus

220 676 444 731 mimis
481 676 834 745 parasitus
872 675 1280 729 inducatur.’
1342 674 1421 729 cf.
1451 675 1591 730 XVI.
1653 675 1875 730 Servius
1904 678 2067 747 Verg.
2101 680 2236 732 Aen.

220 750 299 803 ΠΙ
337 754 438 802 279
481 750 634 801 ‘nam
679 764 804 800 cum
840 746 1080 800 Romani
1124 746 1418 799 iracundia
1463 746 1661 800 matris
1704 748 1870 801 deum
1915 749 2241 803 laborarent

220 823 280 874 et
317 836 441 872 eam
477 836 580 872 nec
607 817 893 872 sacrificiis
930 835 1033 871 nec
1070 817 1218 871 ludis
1254 817 1480 886 placare
1516 822 1762 887 possent,
1802 819 2033 887 quidam
2072 837 2238 874 senex

221 889 455 945 statutis
493 889 641 943 ludis
680 888 1019 943 circensibus
1058 888 1317 957 saltauit,
1356 905 1499 956 quae
1538 889 1659 943 sola
1694 890 1806 943 fuit
1844 908 2013 945 causa
2050 892 2246 960 placa-

221 961 423 1030 tioni8‚
480 961 628 1014 unde
684 963 743 1013 et
795 963 991 1014 natum
1044 960 1404 1029 prouerbium
1455 963 1564 1016 est:
1631 962 1853 1016 omnia
1916 963 2242 1030 secunda,

224 1033 446 1087 saltat
501 1032 741 1086 senex)
817 1032 978 1084 Adde
1024 1031 1299 1085 Macrobii
1346 1031 1460 1084 Sat.
1497 1031 1524 1084 I
1572 1037 1653 1100 17,
1694 1039 1761 1087 25
1801 1050 1919 1101 sqq.
1957 1069 1962 1072 -
2007 1034 2243 1087 Factum

227 1107 317 1159 est
361 1104 512 1171 quod
555 1102 808 1156 narravit
843 1102 1069 1156 Verrius
1117 1103 1175 1157 P.
1217 1102 1463 1171 Sulpicio
1504 1102 1686 1156 Galba
1726 1104 1820 1171 Qn.
1858 1104 2056 1159 Fulvio
2104 1121 2241 1158 coss

226 1192 374 1230 anno
406 1176 650 1247 543s211‚
689 1174 762 1227 M.
794 1173 1093 1243 Calpurnio
1123 1174 1326 1227 Pisone
1353 1176 1609 1242 praetore
1638 1175 1852 1229 urbano
1882 1175 2044 1230 ludos
2073 1175 2243 1245 Apol-

226 1247 436 1300 linares
473 1249 703 1299 curante
743 1262 887 1298 anno
924 1245 1228 1313 praeterito
1268 1246 1371 1314 Ap.
1403 1243 1637 1298 Claudio
1676 1246 1914 1301 Pulchro
1955 1247 2016 1313 Q.
2045 1246 2244 1300 Fulvio

225 1317 429 1371 Flacco
468 1334 606 1371 coss.
643 1315 884 1385 primum
920 1315 1228 1385 institutOS,
1266 1332 1377 1383 quo
1414 1315 1540 1384 ipso
1581 1333 1724 1371 anno
1762 1317 2042 1387 parasitos
2079 1317 2247 1386 Apol-

228 1388 390 1457 linis,
435 1388 489 1442 h.
530 1404 574 1442 e.
616 1386 892 1440 artificum
930 1387 1311 1441 scaenicorum
1359 1386 1745 1456 sodalitatem,
1791 1388 2082 1443 institutos
2126 1405 2245 1442 esse

229 1459 473 1514 coniecit
508 1457 810 1512 Merkelius
849 1457 921 1511 ad
961 1457 1150 1511 Ovidii
1186 1458 1315 1513 fast.
1352 1477 1406 1527 p.
1438 1456 1769 1514 CCXXXIV.
1838 1460 2099 1528 Suspicor
2134 1476 2248 1513 non

227 1529 290 1584 in
336 1548 607 1595 scaena,
657 1530 755 1582 sed
801 1528 862 1581 in
908 1546 1070 1582 cena
1114 1529 1394 1597 parasitos
1440 1528 1580 1582 istos
1621 1530 1902 1599 Apollinis
1948 1530 2246 1600 proverbio

226 1602 329 1656 illo
367 1619 497 1655 usos
533 1600 724 1668 fuisse,
763 1616 889 1653 cum
925 1617 984 1654 re
1021 1601 1165 1653 bene
1202 1603 1365 1669 gesta
1402 1599 1583 1668 epulis
1622 1618 1680 1654 se
1718 1605 2049 1657 recrearent.

1139 1840 1345 1898 XVIII

237 1928 380 1989 cata
424 1924 628 1988 carisa
1321 1929 1376 1949 ⁶

376 2045 638 2100 Placidus
677 2044 791 2100 CGl
828 2045 880 2099 V
919 2052 982 2100 15
1022 2045 1113 2114 (cf.
1150 2065 1204 2115 p.
1236 2046 1427 2115 52).G.
1471 2045 1699 2114 ‘carisa,
1747 2048 1910 2099 uetus
1956 2044 2085 2098 lena
2129 2061 2254 2113 per-

239 2118 464 2186 callida,
503 2117 650 2170 unde
680 2119 737 2170 et
768 2117 829 2169 in
855 2116 1025 2170 mimo
1053 2116 1289 2171 fallaces
1318 2117 1557 2171 ancillae
1595 2116 2018 2170 catacarisia
2047 2119 2097 2186 (c
2110 2119 2256 2169 ata-

240 2189 535 2244 carisiae
579 2207 635 2257 p.
666 2192 754 2256 52)
802 2187 1271 2257 appellabantur.’
1352 2188 1430 2243 Cf.
1469 2189 1520 2242 V
1558 2194 1660 2242 596
1711 2188 1790 2241 IV
1828 2192 1894 2240 28
1944 2187 2007 2240 G.
2046 2186 2256 2240 Loewii

235 2261 522 2315 Prodrom.
553 2265 656 2313 304
687 2277 805 2326 sqq.
844 2260 911 2313 Η.
941 2258 1152 2312 Jordan
1188 2259 1329 2314 Krit.
1359 2259 1529 2314 Beitr.
1559 2265 1628 2313 80
1658 2276 1776 2326 sqq.

378 2370 540 2421 eatae
578 2365 792 2419 carisae
832 2365 1249 2426 Hildebrandus

1180 2603 1320 2661 XIX

241 2689 604 2754 strutheum

384 2810 580 2862 Festus
616 2827 670 2877 p.
700 2814 803 2861 313
841 2809 914 2863 M.
958 2808 1367 2861 ‘strutheum
1402 2807 1462 2860 in
1498 2807 1683 2861 mimis
1720 2807 2019 2877 praecipue
2052 2810 2263 2861 uocant

244 2881 547 2935 obscenam
588 2883 808 2947 partem
844 2879 1089 2948 uirilem,
1139 2896 1173 2932 a
1209 2878 1505 2932 salacitate
1543 2879 1811 2932 uidelicet
1846 2878 2114 2948 passeris,
2164 2877 2261 2946 qui

246 2952 456 3006 Graece
496 2951 743 3004 struthos
781 2949 1026 3006 dicitur.’
1104 2949 1184 3004 cf.
1224 2949 1396 3006 schol.
1434 2950 1682 3005 Iuvenal.
1711 2950 1788 3003 VI
1828 2956 1910 3004 66.

1202 3190 1312 3246 XX

248 3273 598 3337 familiares

395 3395 604 3449 Seneca
623 3394 847 3464 epist.V
868 3400 897 3447 6
919 3396 1047 3463 (47),
1072 3399 1137 3446 14
1166 3392 1476 3446 ‘dominum
1497 3395 1716 3461 patrem
1739 3390 1992 3446 familiae
2018 3388 2268 3458 adpella-

250 3468 475 3520 uerunt’
506 3467 763 3536 (maiores
799 3464 1014 3534 nostri),
1047 3466 1326 3530 ‘seruos,
1369 3465 1520 3531 quod
1557 3463 1731 3516 etiam
1766 3462 1826 3515 in
1863 3461 2047 3515 mimis
2083 3460 2267 3513 adhuc

253 3538 445 3607 durat,
489 3536 914 3591 familiares.’
993 3535 1071 3590 Cf.
1110 3535 1430 3589 Macrobius
1470 3535 1584 3589 Sat.
1614 3535 1639 3587 I
1679 3540 1762 3601 11,
1796 3539 1877 3588 11.
