2610 4007
366 145 496 209 318
1237 144 1510 199 NOVIVS

1346 331 1409 388 H

364 432 593 497 Limen
623 454 942 516 superum,
979 432 1153 515 qu6d
1179 432 1305 495 mei
1342 432 1577 495 misero
1606 432 1793 514 saepe
1821 431 2142 516 confregit
2179 437 2397 515 caput,

261 561 329 609 50
363 538 670 603 'Inferum
717 543 957 624 autem,
1014 538 1252 624 digitos
1300 538 1509 602 omm‘s
1555 537 1670 601 tibi
1715 559 1833 623 ego
1883 537 2143 624 diffregl'
2194 561 2393 603 meos,

506 678 723 732 Nonius
762 683 978 747 336,13
1021 677 1258 730 ‘limen
1294 693 1409 729 non
1445 676 1642 744 solum,
1682 677 1833 744 quod
1871 677 1973 730 sub
2011 676 2253 746 pedibus
2285 680 2390 746 est,

367 749 588 818 dicitur,
637 750 735 803 sed
771 749 945 803 etiam
980 749 1132 816 quod
1172 747 1424 816 superius
1464 750 1550 801 est
1589 749 1859 817 ingressu,
1934 747 2153 801 Nouius
2191 748 2392 802 Macco

367 821 554 875 exule·
592 820 783 874 limen’
825 837 870 874 e.
904 838 956 888 q.
989 838 1029 873 s.
1096 819 1237 874 Vale
1277 818 1418 872 dicit
1452 819 1824 887 proficiscens.

509 934 536 981 1
575 926 686 980 mei
724 948 793 994 ω,
841 945 1003 995 quam
1050 928 1228 981 dativi
1269 927 1503 993 formam
1538 925 1930 979 Lachmannus
1973 927 2038 979 in
2072 926 2240 980 Lucr.
2282 933 2391 980 246

365 1006 548 1053 tuctur
581 997 722 1051 mihi
758 999 973 1051 Aldina
1136 997 1305 1050 miser
1339 997 1422 1077 „G
1441 996 1618 1049 misae
1656 997 1713 1049 B
1884 1001 1914 1047 2
1954 996 2164 1065 digitos
2203 997 2390 1050 omnis

363 1069 461 1122 ubi
500 1086 603 1138 ego
641 1069 877 1123 Bothius
923 1068 1023 1122 ubi
1061 1085 1166 1138 ego
1203 1067 1383 1121 omm's
1421 1067 1632 1136 digitos
1669 1088 1737 1134 ω,
1786 1085 1939 1136 quem
1984 1070 2231 1122 ordinem
2274 1086 2388 1123 ser-

362 1158 499 1195 vans
544 1156 710 1208 saepe
748 1148 874 1208 post
920 1139 1127 1208 digitos
1172 1141 1365 1194 inserit
1407 1140 1786 1209 Quicheratius
1829 1140 1955 1208 (alii
1990 1141 2130 1207 alia)
2276 1139 2392 1192 dif-

363 1211 506 1280 fregi
542 1230 584 1265 x
629 1211 844 1279 defrcgi
881 1232 923 1264 ω

1324 1343 1419 1400 ΠΙ

363 1446 719 1511 Verberato
764 1446 1040 1530 p6pulus
1085 1444 1334 1508 homim‘
1378 1443 1595 1507 labeas
1639 1445 1874 1529 pugnis
1919 1443 2178 1507 caedere

502 1586 717 1639 Nonius
766 1591 893 1652 210,
942 1590 1008 1638 25
1069 1584 1343 1638 ‘labeae
1397 1600 1618 1636 rursum
1671 1582 1928 1636 feminini
1985 1628 1994 1637 .
2038 1627 2048 1636 .
2092 1627 2103 1637 .
2163 1582 2388 1637 Nouius

360 1658 562 1711 Macho
602 1657 788 1712 exule:
826 1656 1165 1710 uerberatio'
1198 1673 1243 1709 e.
1274 1673 1326 1722 q.
1359 1673 1400 1709 s,

500 1764 796 1817 uerberato
833 1765 1109 1817 Bentinus
1153 1761 1471 1815 uerberatio
1510 1782 1552 1815 ω

1325 1965 1412 2023 IV

361 2066 490 2132 (hir
534 2069 699 2132 istuc
745 2068 1112 2132 uadim6m‘o
1161 2068 1418 2131 assum?
1463 2105 1551 2113 —
1586 2066 2059 2132 Vestimentum
2101 2066 2385 2130 uesceris

497 2207 713 2261 Nonius
759 2213 889 2275 416,
929 2213 959 2260 2
1016 2206 1234 2260 ‘uesci
1290 2205 1464 2260 etiam
1521 2205 1804 2276 significat
1858 2206 1942 2259 uti
2000 2250 2011 2259 .
2046 2249 2099 2259 ..
2155 2205 2383 2259 Nouius

357 2281 548 2334 Macco
587 2279 773 2335 exule:
818 2296 915 2332 cur
951 2278 1118 2331 istuc'
1150 2294 1197 2334 e.
1226 2295 1277 2346 q.
1313 2295 1352 2331 s.

498 2405 594 2440 cur
628 2386 773 2439 istuc
807 2386 1111 2440 GH¹L¹P
1141 2383 1287 2437 curis
1325 2383 1470 2437 istuc
1507 2404 1550 2452 φ
1654 2382 1979 2437 uadimonio
2007 2381 2141 2453 (122)
2179 2385 2384 2452 scripsi

354 2457 681 2511 uadimonia
717 2479 784 2512 m:
822 2476 899 2512 an
934 2455 1359 2510 uadimonium?
1503 2471 1692 2508 assum
1725 2456 1921 2523 scripsi
1966 2471 2089 2507 sum
2129 2453 2380 2508 GH¹L¹

356 2546 519 2582 suum
546 2549 589 2597 φ
701 2527 1151 2581 uadimoniorum
1177 2525 1577 2580 uestimentum
1605 2528 1693 2595 (sc.
1723 2527 1922 2596 toyam)
1948 2525 2099 2580 Rue.-
2129 2543 2209 2579 an
2235 2527 2382 2593 forte

353 2599 803 2653 uadimoniosum
829 2617 882 2653 n.
899 2599 930 2653 ,9

1164 2765 1560 2824 MALIVOLI

1344 2891 1374 2948 I

243 3004 364 3068 53l4
387 2993 456 3060 Si
502 2996 1000 3078 percontassem,
1045 2990 1166 3056 hoc
1211 2990 1621 3075 praeterisset
1665 2990 1768 3053 me
1814 2988 2074 3052 malum.

491 3132 707 3186 Nonius
743 3138 873 3199 474,
912 3137 946 3184 4
986 3131 1361 3200 ‘perconta.
1434 3128 1650 3183 Nouius
1687 3126 2010 3182 Maleuolis:
2051 3124 2128 3179 si’
2163 3142 2208 3180 e.
2242 3145 2296 3194 q.
2331 3146 2373 3181 S.

350 3203 724 3274 (Maliuolis
762 3203 866 3271 Ba)

490 3309 599 3364 nisi
646 3310 1017 3377 Passeratius,
1071 3310 1302 3376 fortasse
1350 3313 1488 3362 recte
1698 3305 1806 3359 hoc
1860 3304 2227 3373 praeterisset
2282 3322 2371 3359 me

347 3382 559 3436 malum
592 3382 789 3449 scripsi
824 3381 969 3448 (fort.
1007 3381 1327 3449 interrogat)
1371 3377 1585 3431 malum
1628 3377 1735 3430 hoc
1770 3392 1859 3430 me
1904 3375 2274 3445 praeterisset
2310 3398 2369 3431 ω.

348 3454 787 3522 Septenarim-um
822 3452 1175 3505 iambicorum
1210 3452 1392 3516 frusta
1430 3448 1477 3501 si
1514 3467 1568 3518 p.
1606 3447 1819 3501 Malum
1855 3465 1897 3503 e.
1923 3466 1968 3517 q.
1994 3464 2034 3502 s.
2074 3449 2206 3503 olim
2244 3465 2369 3502 con-

347 3526 656 3589 stitueram,
700 3523 961 3576 trochaici
994 3538 1087 3575 sex
1114 3524 1279 3589 pedes
1315 3527 1567 3575 numerat
1600 3538 1642 3574 x
