2610 4007
887 131 1204 187 DECIMVS
1241 130 1599 187 LABERIVS
2116 132 2244 196 363

1172 317 1322 376 VIII

233 418 503 503 'Incipio
541 418 1076 485 adulescenturire
1113 423 1179 484 et
1221 420 1435 485 nescio
1475 420 1628 503 quid
1666 420 1985 507 nugarum
2022 418 2247 484 facere.

377 540 596 597 Nonius
650 548 741 610 74,
790 546 855 596 15
914 540 1559 596 ‘adulescenturire
1650 541 1945 597 Laberius:
2003 539 2242 610 incipio’

236 630 283 668 e.
324 630 376 681 q.
417 630 459 668 s.

1197 745 1282 802 IX

239 844 417 922 Quae
461 847 612 911 nam
655 867 836 911 mens
843 896 862 930 ‚
917 866 1078 929 quae
1125 844 1424 910 deleritas
1468 866 1586 910 uos
1632 843 2050 929 suppolitori‘s
2094 844 2251 907 facit

240 950 402 1016 Cum
449 953 604 1018 cano
652 1005 666 1018 .
713 1004 728 1017 .
775 952 962 1039 eligio
1008 951 1335 1035 puellitari
1381 1002 1396 1017 .
1443 1001 1458 1016 .
1506 951 1577 1016 ,P
2085 951 2089 955 ’

376 1073 592 1129 Nonius
628 1080 751 1145 490,
788 1080 857 1128 20
907 1072 1291 1142 ‘deleritas‚
1341 1072 1716 1128 deleratio’
1768 1072 1873 1143 (ita
1910 1073 1985 1126 W
2021 1071 2082 1125 in
2117 1089 2248 1142 mg.,

234 1145 392 1200 Leid.
421 1144 640 1216 Bamb.)
680 1144 998 1200 ‘Laberiusz
1036 1161 1180 1213 quae
1216 1143 1371 1197 nam’
1410 1161 1455 1198 e.
1487 1161 1539 1212 q.
1571 1162 1612 1199 s.

381 1258 409 1305 1
452 1251 713 1306 deleritas
750 1252 995 1306 BaLW
1027 1252 1092 1306 iu
1125 1268 1227 1322 my.
1269 1249 1523 1304 deliritas
1561 1271 1605 1319 φ
1763 1249 2125 1319 subpolitoris
2168 1250 2251 1305 vel

238 1322 604 1392 suppolitoris
640 1327 815 1393 (sopp.
845 1322 902 1375 P
933 1339 1051 1391 sup.
1080 1322 1220 1390 Ba1)
1258 1342 1299 1374 ω
1359 1323 1428 1388 cf.
1463 1323 1642 1377 coroll.
1676 1321 2023 1390 LXXXVIII)
2061 1320 2250 1390 suppi-

235 1392 448 1448 latores
475 1394 688 1450 Aldina
794 1400 825 1447 2
863 1392 1104 1463 puellari
1133 1393 1201 1446 H
1202 1392 1220 1423 ¹
1256 1409 1327 1446 ue
1377 1392 1507 1445 'tari
1534 1394 1613 1447 ed.
1626 1410 1715 1462 pr.
1757 1391 1984 1446 uelitari
2010 1394 2089 1447 ed.
2114 1397 2250 1445 1480

232 1463 586 1534 puellitarier
613 1465 854 1536 Scaliyer
961 1462 1208 1532 anilique
1233 1470 1360 1533 post
1387 1480 1544 1532 canc,
1581 1463 1821 1532 turpiter
1847 1465 1910 1518 iu
1934 1464 2043 1532 fime
2068 1479 2251 1519 versus

230 1538 452 1606 supplet
486 1536 637 1591 Bue:
667 1553 773 1606 pro
808 1536 905 1591 illo
941 1536 1104 1592 etiam
1139 1533 1330 1589 uxoris
1366 1536 1600 1606 coyitari
1627 1541 1830 1604 potest,
2179 1567 2182 1570 -

1219 1738 1274 1795 X
1442 1820 1709 1885 uxorem
1754 1822 1936 1886 tuam
2254 1842 2351 1890 141

236 1927 328 1992 Et
371 1929 583 1993 meam
628 1949 970 1993 nouercam
1016 1926 1369 1992 consectari
1414 1926 1734 2012 lapidibus

240 2034 301 2099 A
346 2035 588 2119 populo
633 2035 840 2100 uiden.

380 2155 698 2210 Priscianus
744 2174 798 2226 p.
831 2161 928 2209 791
968 2156 1027 2210 P.
1089 2155 1413 2210 ‘Laberiusz
1467 2154 1725 2208 uxorem’
1772 2170 1816 2207 e.
1848 2171 1901 2222 q.
1931 2173 1972 2209 s.
2065 2156 2253 2210 ‘con-

241 2226 503 2281 sectari
538 2226 764 2296 passiue
799 2226 1006 2296 posuit,
1044 2226 1393 2282 διώκεσθαι)
1471 2224 1550 2281 of.
1589 2244 1639 2279 v.
1665 2231 1727 2278 11
1750 2242 1829 2293 sq.
1923 2273 1932 2280 ,

385 2339 412 2387 1
426 2350 536 2403 sqq.
559 2334 756 2389 Versus
777 2335 1015 2390 restituit
1031 2333 1291 2389 Bothiuez
1322 2347 1552 2386 uxorem
1568 2333 1726 2385 tuam
1746 2333 1803 2386 et
1824 2333 1904 2400 (et
1922 2347 2022 2387 om.
2039 2331 2254 2401 Bamb.‚

239 2407 368 2473 fort.
397 2406 554 2472 recte)
582 2420 765 2460 meam
789 2419 1091 2459 nouercam
1118 2420 1153 2456 a
1179 2401 1389 2472 populo
1426 2401 1709 2470 lapidibus
1738 2401 2050 2456 consectari
2087 2403 2253 2458 uideo

238 2497 299 2544 ω,
341 2493 445 2546 quo
480 2482 689 2531 servato
725 2477 914 2531 ordine
950 2476 1224 2530 trochaeos
1249 2475 1479 2526 uxorem
1507 2516 1519 2527 .
1543 2516 1554 2527 .
1578 2517 1590 2529 .
1619 2472 1916 2542 lapidibus
1933 2472 2254 2529 Consectari

243 2564 295 2601 u.
328 2564 536 2616 parum
568 2563 876 2602 numerosos
912 2545 1172 2601 Hertzius
1201 2545 1492 2613 proposuit

1207 2747 1293 2806 XI

242 2901 256 2915 .
351 2830 377 2914 J
456 2899 999 2915 ......
1092 2849 1478 2915 frustramur
1521 2847 1872 2912 inridemur

246 3042 276 3095 f
324 2970 704 3095 i’Priscianus
745 2989 798 3040 p.
833 2977 933 3024 '793
973 2971 1034 3026 P.
1076 2970 1478 3024 ‘frustratus
1524 2966 1883 3060 ματαιωθείς.
1956 2968 2250 3025 Laberius:

1191 3172 1309 3232 XII

245 3275 472 3341 Lauite
509 3275 666 3340 item
701 3275 954 3339 hissam!
1001 3275 1189 3338 cocus
1226 3274 1281 3338 si
1319 3273 1611 3338 lumbum
1649 3274 1908 3359 adussit,
1944 3272 2239 3337 caedetur
2260 3290 2360 3339 145

1726 3380 1964 3465 flagris,

387 3501 604 3556 Nonius
641 3508 774 3572 122,
820 3508 887 3556 10
936 3500 1178 3556 ‘hillas
1224 3500 1495 3555 intestina
1541 3502 1758 3555 ueteres
1804 3517 1924 3555 esse
1971 3499 2251 3569 dixerunt3
