2610 4007
546 144 645 198 EX
679 144 1011 200 INCERTIS
1046 145 1530 203 INCERTORVM
1565 147 1870 202 FABVLIS
2090 146 2215 211 139

1082 313 1343 372 XXVIII

1261 414 1524 481 difficile
1571 417 1669 480 est
1711 415 1908 500 loqui.

340 533 798 588 XXVm—XXX
853 534 1042 590 Cicero
1087 534 1251 616 episiz
1291 537 1367 589 ad
1416 537 1547 591 fam.
1585 537 1637 590 II
1674 543 1705 591 9
1755 538 1905 591 cum
1939 535 2215 618 ‚grassulon

192 608 321 660 tum
356 620 490 659 uero
528 604 732 674 quibus
770 605 958 660 uerbis
994 605 1103 660 tibi
1138 606 1356 687 gratias
1403 625 1572 678 agam
1615 625 1730 663 non
1775 606 2017 688 reperi0,
2066 606 2217 675 quod

191 676 281 731 ita
318 675 502 731 facssus
541 676 635 745 sis,
672 678 738 731 ιιι
773 676 993 731 dederis
1029 678 1220 747 nobis,
1258 695 1427 747 quem
1464 679 1768 734 admodum
1804 677 2104 748 scripseras
2142 677 2218 732 ad

190 764 302 815 me,
340 763 508 815 quem
535 763 753 817 semper
777 747 958 802 ridere
986 750 1317 817 possemus?
1358 750 1446 818 (cf.
1476 750 1606 805 VIII
1641 755 1772 820 3,1.
1811 756 1920 819 9,1
1958 749 2011 802 Π
2049 750 2217 829 10,1>

192 818 420 886 ‘Itaque
458 835 585 872 cum
619 818 862 888 primum
897 818 1131 900 audiui·,‘
1171 835 1275 887 ego
1322 819 1421 875 ille
1460 820 1581 891 ipse
1617 794 1801 875 factus
1840 837 1963 875 sum
1998 852 2070 861 —
2106 818 2214 873 scis

186 905 364 970 quem
401 888 588 943 dicam
613 921 685 930 —
712 889 914 960 egique
951 889 1130 945 omnis
1167 890 1297 945 illos
1338 892 1845 961 adulescentes,
1884 907 2069 960 quos
2089 890 2215 944 ille

187 959 486 1015 actitat'
526 959 629 1030 (sic
664 960 948 1016 Victorius
985 960 1279 1015 iactitat
1314 961 1489 1030 Med„
1539 963 1678 1018 item
1713 962 1896 1033 infra).
1974 961 2215 1016 Diffi-

185 1031 329 1085 cile
385 1033 490 1086 est
542 1030 754 1099 loqui.
827 1032 907 1086 Te
957 1034 1150 1086 autem
1195 1034 1582 1104 contemplans
1630 1034 1922 1089 absentem
1957 1035 2016 1087 615
2052 1031 2215 1102 quasi

184 1105 381 1157 tecum
419 1119 607 1184 coram
641 1102 924 1171 loquerer.
961 1120 1094 1158 non
1132 1103 1427 1173 edepol.
1555 1104 1822 1161 feceris.
1882 1104 2043 1169 Quod
2080 1103 2214 1172 quia

184 1176 419 1244 praeter
445 1172 770 1271 opinionem
804 1173 945 1227 mihi
982 1173 1284 1244 acciderat,
1321 1148 1632 1257 referebam
1668 1191 1758 1231 me
1795 1176 1869 1230 ad
1904 1175 2073 1230 illud.
2110 1174 2214 1228 in-

183 1243 565 1299 credibile'
606 1260 651 1298 e.
691 1262 743 1312 q:
784 1262 828 1300 s.
879 1245 1153 1314 ‘Repente
1190 1262 1323 1300 uero
1361 1245 1618 1301 incessi
1656 1247 1967 1302 omnibus
2004 1245 2214 1300 laeti-

183 1315 317 1370 tiis
355 1315 614 1369 laetus’
656 1315 879 1384 (Caecil.
910 1318 1053 1397 252),
1090 1315 1152 1369 in
1182 1333 1294 1384 quo
1323 1334 1451 1371 cum
1479 1317 1820 1387 obiurgarer‚
1858 1317 2011 1398 quod
2036 1316 2212 1415 nimio

182 1385 401 1457 gaudio
421 1402 600 1456 paene
620 1386 947 1457 desiperem,
966 1386 1051 1441 ita
1068 1403 1157 1440 me
1178 1387 1575 1444 defendebam:
1597 1404 1719 1469 ego
1749 1406 1801 1443 ιι.
1819 1405 1869 1442 a.
1889 1387 2209 1443 nimiam.’

210 1457 437 1511 Trabea
471 1456 535 1512 fr.
574 1457 646 1526 II)
722 1457 883 1525 quid
929 1457 1190 1527 quaeris?
1246 1459 1382 1512 dum
1426 1458 1590 1512 illum
1633 1458 1815 1528 rideo,
1865 1474 2043 1528 paene
2091 1475 2215 1512 sum

214 1530 376 1582 actus
413 1527 551 1583 ille-‚²
627 1527 946 1583 Difficile
1001 1531 1105 1584 est
1158 1529 1351 1598 loqui
1405 1529 1532 1599 ipsa
1576 1546 1797 1599 quoque
1802 1503 2212 1583 adulescenffiis

187 1598 487 1653 cuiusdam
511 1599 817 1655 exultantis
846 1600 1020 1655 verba
1048 1616 1169 1655 esse
1198 1600 1430 1694 conieci.
1478 1601 1776 1692 Repetitur
1802 1600 1942 1654 haec
1971 1599 2212 1669 episizola

184 1673 321 1741 post
363 1670 489 1726 VIII
526 1677 573 1726 5.

1106 1751 1302 1810 XXIX

183 1850 255 1917 N
255 1872 341 1915 on
394 1850 622 1935 edepol
675 1855 980 1937 quantam
1033 1874 1170 1916 rem
1225 1852 1433 1939 egeris
1488 1875 1695 1937 neque
1756 1853 2069 1937 quantum
2122 1851 2212 1916 fa-

1679 1959 1861 2024 cinus
1906 1959 2132 2024 feceris

332 2096 451 2135 rem
488 2078 667 2149 egeris
705 2080 856 2136 Med.
894 2081 1066 2136 altero
1099 2083 1339 2150 exemplo
1377 2079 1556 2150 egeris
1593 2097 1712 2135 rem
1746 2082 1860 2138 cod.
1898 2083 1986 2137 hic

1119 2214 1284 2272 XXX
1544 2267 1548 2271 .

184 2312 593 2379 ‘Incredibile
637 2312 761 2377 hoc
806 2313 1049 2378 factum
1095 2313 1377 2378 obicitur
1422 2365 1808 2380 .......
2246 2331 2316 2378 40

331 2434 548 2488 factum
573 2436 653 2490 ed.
674 2435 844 2504 antiq
864 2436 1086 2505 siynata
1109 2435 1165 2488 A
1191 2438 1345 2505 azmd
1369 2436 1643 2503 Omnium,
1682 2435 1967 2506 Martyni·
1970 2434 2212 2507 Layuna

185 2506 344 2561 factu
382 2506 533 2562 Med
571 2506 688 2562 cod
724 2506 829 2574 hic,
865 2504 1017 2560 facto
1055 2505 1221 2561 Harl
1261 2507 1395 2562 Par.

1104 2638 1299 2696 XXXI

1361 2742 1478 2786 nec
1522 2721 1778 2786 mulieri

185 2812 325 2878 Nec
371 2810 619 2898 gremio
668 2808 839 2873 credi
887 2810 1157 2893 oportet.

329 2931 532 2986 Festus
601 2935 746 2984 ,165
775 2930 901 2984 M.
912 2945 1033 2984 nec
1060 2930 1335 2984 mulieri
1361 2947 1485 2984 nec
1511 2930 1767 3000 gremio
1797 2929 1986 2984 credi
1995 2947 2211 3011 opor-

187 3007 333 3060 tere
370 3018 574 3083 prouer
616 3000 733 3054 ium
769 3003 872 3069 6615,
909 3001 1062 3068 quod
1099 3003 1157 3056 eiz
1192 3001 1295 3055 illa
1331 3001 1532 3056 incerti
1570 3005 1627 3056 615
1663 3001 1805 3056 leuis
1837 3000 2012 3055 animi
2039 3003 2127 3056 esss
2154 3004 2212 3055 615

186 3076 518 3156 plerumque
554 3072 616 3126 in
650 3070 863 3153 gremio
899 3071 1113 3142 posita,
1162 3090 1289 3126 cum
1325 3072 1386 3126 ιιι
1424 3072 1769 3128 obliuionem
1805 3075 2080 3127 uenerunt
2120 3089 2211 3127 ex·

188 3145 555 3273 ffirfientium,
592 3142 930 3213 procidunss?
1007 3117 1310 3198 Comoedia
1343 3143 1549 3213 respici
1584 3143 1708 3198 visa
1746 3146 1833 3198 6615
1869 3144 1943 3197 M.
1982 3142 2209 3198 Hertzio

231 3217 376 3360 lnoll
434 3216 461 3270 I
496 3221 616 3270 612.

332 3312 477 3376 1.sq
552 3304 691 3360 Cum
734 3305 956 3361 omnimo
999 3305 1266 3359 insenum
1300 3305 1398 3372 sit,
1452 3321 1589 3358 ‘num
1640 3305 1705 3359 in
1758 3304 2030 3360 comoedia
2082 3305 2213 3359 haec

190 3380 364 3435 locwm
407 3376 727 3444 habuerint,
784 3382 901 3431 tum
944 3376 1010 3430 de
1054 3377 1294 3430 ameris
1338 3376 1473 3431 certi
1522 3376 1667 3430 mm
1719 3375 2008 3443 adsta-mari
2063 3374 2211 3429 licet:

183 3466 372 3574 10)ξέἓέ
373 3466 438 3573 re
470 3464 515 3505 c
544 3464 659 3503 ωηο
695 3462 853 3503 versu
887 3447 1208 3504 continuare
1234 3461 1340 3500 nec
1366 3444 1590 3500 mulieri
1616 3461 1720 3500 nec
1746 3444 1960 3515 gremio
1990 3447 2213 3513 oportet
