2610 4007
871 172 1150 227 DECIMV
1152 173 1188 226 S
1224 172 1582 227 LABERIVS
2101 170 2231 234 365

218 330 456 390 Bothius
503 330 716 385 Mario
762 331 853 385 vel
899 331 1202 385 Morione
1249 331 1370 401 ipse
1408 331 1644 400 conieci,
1692 349 2033 399 quamquam
2070 331 2229 385 dubi-

218 405 430 464 tantem
480 418 745 456 maereo
782 402 842 455 in
877 405 1078 472 poetae
1114 405 1332 456 textum
1367 402 1564 456 intulit
1601 402 2015 470 Quicheratius,
2062 419 2232 456 mar-

219 490 336 527 ceo
375 477 432 544 x)

360 597 546 635 mereo
583 581 805 635 HPW
829 597 1017 636 mareo
1056 582 1148 636 Ba
1164 582 1295 636 0131
1331 598 1553 636 macreo
1590 580 1672 636 L²

1139 784 1312 842 XVII

218 881 800 946 mendicimonium.
847 882 1403 948 moechimonium.
1448 885 1778 950 adulterio.
1826 885 2339 953 adulteritas.15o

221 988 647 1072 depudicauit.
714 987 1062 1054 abluuium.
1129 990 1429 1054 elutriare
1465 990 1679 1055 lintea.
1742 991 2127 1055 lauandaria.

365 1117 579 1172 Gellius
623 1118 752 1172 XVI
799 1125 846 1187 7,
888 1125 915 1172 1
973 1118 1269 1173 ‘Laberius
1316 1120 1377 1172 in
1419 1119 1631 1188 mimiS,
1687 1138 1826 1189 quos
1873 1121 2233 1191 scriptitauit,

222 1189 432 1271 oppido
466 1207 636 1257 quam
671 1191 845 1244 uerba
880 1190 1043 1244 finxit
1076 1190 1459 1260 praelicenter.
1516 1191 1663 1245 Nam
1700 1195 1758 1245 et
1794 1192 2234 1246 mendicimo-

219 1261 406 1314 nium
444 1260 589 1314 dixit
625 1264 683 1314 et
727 1260 1291 1315 moechimonium
1330 1264 1387 1315 et
1424 1262 1926 1318 adulterionem
1965 1264 2234 1317 adulte-

221 1332 620 1400 ritatemque
657 1349 757 1401 pro
797 1332 1100 1401 adulterio,
1143 1335 1200 1386 et
1238 1332 1689 1402 depudicauit
1722 1352 1822 1403 pro
1861 1334 2141 1404 stuprauit
2178 1338 2236 1389 et

223 1402 578 1457 abluuium
623 1420 724 1472 pro
763 1403 977 1457 diluuio
1019 1447 1030 1458 .
1063 1447 1073 1457 .
1107 1447 1117 1457 .
1157 1405 1216 1457 et
1252 1403 1588 1458 elutriare
1634 1404 1855 1459 lintea
1892 1409 1948 1459 et
1995 1406 2233 1459 lauan-

223 1474 423 1528 daria
461 1473 614 1542 dicit,
653 1490 798 1542 quae
836 1475 908 1528 ad
945 1474 1252 1528 lauandum
1291 1474 1406 1528 sint
1442 1475 1615 1529 data.’
1678 1475 1757 1529 cf.
1786 1476 2001 1530 Nonius
2039 1494 2092 1545 p.
2117 1481 2234 1545 140,

223 1552 288 1599 31
331 1545 406 1598 ad
444 1518 680 1613 Cophini
714 1546 766 1598 H
813 1545 1137 1615 exscriptus.
1203 1545 1597 1614 (eleutriare
1634 1547 1809 1601 Paris,
1857 1546 2235 1601 eleutriare

225 1617 280 1739 ge
319 1632 459 1670 eras
522 1616 657 1697 Reg.
714 1616 794 1670 cf.
828 1616 1085 1671 Roensch
1122 1633 1249 1671 ann.
1278 1616 1495 1685 philoll.
1529 1622 1664 1670 1883
1701 1637 1754 1687 p.
1785 1624 1888 1672 214
1995 1619 2235 1672 laban-

224 1686 421 1810 daria
489 1686 631 1810 laris.
659 1687 835 1756 Lugd.
875 1687 1280 1741 labrandria
1308 1688 1466 1742 Voss,
1505 1687 1873 1742 labandria
1910 1711 1953 1757 φ
1995 1688 2236 1742 1811811-

271 1757 375 1811 118
413 1775 486 1811 vu
511 1762 605 1827 go)

227 2016 370 2057 arra

365 2114 578 2169 GeUius
616 2114 770 2168 XVII
807 2120 856 2183 2,
887 2119 951 2166 21
995 2114 1163 2167 ‘nunc
1200 2115 1401 2168 arrabo
1438 2114 1499 2167 in
1536 2114 1774 2169 sordidis
1812 2116 1999 2169 uerbis
2038 2115 2235 2169 haberi

224 2190 455 2256 coeptus
511 2203 576 2239 ac
630 2184 807 2238 multo
843 2157 1087 2238 uidetur
1141 2184 1419 2238 sordidius
1476 2203 1625 2253 arra,
1688 2203 2027 2254 quamquam
2084 2203 2237 2240 arra

224 2274 445 2327 quoque
481 2259 698 2310 ueteres
737 2271 902 2324 saepe
940 2255 1196 2323 dixerint,
1236 2257 1294 2308 81,
1330 2256 1700 2325 compluriens
1737 2256 2045 2311 Laberius.

1161 2476 1300 2534 XIX

226 2562 642 2627 dictabolaria

366 2684 573 2737 Fronto
621 2683 690 2736 de
737 2684 874 2736 orat.
912 2700 965 2751 p.
999 2687 1098 2736 156
1140 2681 1285 2736 Nab.
1336 2683 1537 2748 ‘neque
1582 2680 1777 2750 ignoro
1826 2713 1892 2722 -
1939 2714 2010 2721 —
2054 2713 2125 2721 —
2173 2684 2237 2735 ut

224 2754 512 2820 Laberius,
541 2752 1036 2820 dictabolaria,
1070 2751 1239 2807 immo
1270 2752 1505 2806 dicteria
1531 2752 1718 2821 potius
1748 2753 1895 2806 eum’
1927 2751 2236 2822 (Senecam)

228 2828 421 2894 ‘quam
457 2824 610 2879 dicta
647 2823 969 2879 continere.’
1046 2823 1126 2879 cf.
1165 2823 1378 2878 Novius
1415 2822 1521 2878 inc.
1552 2823 1663 2878 fab.
1694 2823 1811 2877 XV.

1181 3028 1290 3085 XX

227 3131 490 3194 arietem
536 3128 1128 3213 reciprocicornem,
1173 3129 1544 3212 lanicutem,
1590 3128 2000 3192 testitrahum

368 3258 747 3312 Tertullianus
786 3259 855 3312 de
891 3258 1067 3327 pallio
1104 3265 1130 3311 1
1175 3261 1328 3312 ‘nam
1364 3261 1423 3313 et
1459 3258 1743 3312 arietem
1779 3276 1891 3312 non
1929 3275 2094 3327 quem
2129 3259 2232 3310 La·-

226 3329 416 3384 berius
461 3329 1076 3399 reciprocicornem
1119 3332 1177 3383 et
1220 3329 1594 3383 lanicutem
1632 3333 1690 3384 et
1733 3329 2229 3395 testitrahum,’

225 3400 695 3470 (testitrabum
731 3400 972 3455 Vindob.
1007 3399 1177 3467 Leid.,
1216 3401 1301 3455 ed.
1336 3419 1416 3470 pr.
1464 3402 1852 3455 textrabum
1889 3400 2072 3469 Laur.)
2114 3400 2234 3452 ‘sed

227 3473 418 3526 trabes
447 3472 706 3526 machina
736 3474 837 3540 est,
877 3487 1021 3538 quae
1057 3488 1241 3525 muros
1278 3472 1533 3541 frangere
1569 3471 1801 3525 militat’
1834 3488 1878 3525 e.
1901 3489 1952 3539 q.
1975 3489 2015 3525 s.
2072 3470 2232 3524 Vnde

229 3542 536 3597 Salmasius
593 3559 816 3596 uersum
870 3542 1005 3596 fecit
1067 3542 1241 3597 hunc:
1303 3542 1899 3611 Reciprocicornis
1965 3541 2231 3595 lanicus
