<?xml version="1.0" encoding="UTF-8"?>
<!DOCTYPE html PUBLIC "-//W3C//DTD XHTML 1.0 Transitional//EN"
    "http://www.w3.org/TR/xhtml1/DTD/xhtml1-transitional.dtd">
<html xmlns="http://www.w3.org/1999/xhtml" xml:lang="en" lang="en">
 <head>
  <title>
</title>
<meta http-equiv="Content-Type" content="text/html;charset=utf-8" />
  <meta name='ocr-system' content='tesseract 3.04.00' />
  <meta name='ocr-capabilities' content='ocr_page ocr_carea ocr_par ocr_line ocrx_word'/>
</head>
<body>
  <div class='ocr_page' id='page_1' title='image "./scaenicaeromano09ribbgoog_0112.png"; bbox 0 0 2610 4007; ppageno 0'>
   <div class='ocr_carea' id='block_1_1' title="bbox 323 163 1667 250">
    <p class='ocr_par' dir='ltr' id='par_1_1' title="bbox 323 163 1667 250">
     <span class='ocr_line' id='line_1_1' title="bbox 323 163 1667 250; baseline -0.002 -30"><span class='ocrx_word' id='word_1_1' title='bbox 323 168 450 232; x_wconf 86' lang='lat'>100</span> <span class='ocrx_word' id='word_1_2' title='bbox 974 164 1261 250; x_wconf 41' lang='lat' dir='ltr'>SEXTVS*</span> <span class='ocrx_word' id='word_1_3' title='bbox 1286 163 1629 219; x_wconf 80' lang='lat' dir='ltr'><strong>TVRPILIV</strong></span> <span class='ocrx_word' id='word_1_4' title='bbox 1632 163 1667 217; x_wconf 84' lang='lat' dir='ltr'>S</span> 
     </span>
    </p>
   </div>
   <div class='ocr_carea' id='block_1_2' title="bbox 319 333 2331 695">
    <p class='ocr_par' dir='ltr' id='par_1_2' title="bbox 319 333 2331 695">
     <span class='ocr_line' id='line_1_2' title="bbox 1292 333 1357 390; baseline 0 0"><span class='ocrx_word' id='word_1_5' title='bbox 1292 333 1357 390; x_wconf 92' lang='grc' dir='ltr'>Π</span> 
     </span>
     <span class='ocr_line' id='line_1_3' title="bbox 319 432 1777 520; baseline -0.003 -19"><span class='ocrx_word' id='word_1_6' title='bbox 319 487 333 501; x_wconf 93' lang='grc'><strong>.</strong></span> <span class='ocrx_word' id='word_1_7' title='bbox 372 488 384 500; x_wconf 95' lang='grc'><strong><em>.</em></strong></span> <span class='ocrx_word' id='word_1_8' title='bbox 432 437 883 500; x_wconf 87' lang='lat' dir='ltr'>testamentum</span> <span class='ocrx_word' id='word_1_9' title='bbox 929 435 1081 519; x_wconf 78' lang='lat' dir='ltr'>ergo</span> <span class='ocrx_word' id='word_1_10' title='bbox 1128 432 1410 498; x_wconf 72' lang='lat' dir='ltr'>celabis?</span> <span class='ocrx_word' id='word_1_11' title='bbox 1458 470 1541 479; x_wconf 90' lang='grc'>--</span> <span class='ocrx_word' id='word_1_12' title='bbox 1587 433 1777 520; x_wconf 85' lang='lat' dir='ltr'>Logi!</span> 
     </span>
     <span class='ocr_line' id='line_1_4' title="bbox 459 552 2331 623; baseline -0.002 -13"><span class='ocrx_word' id='word_1_13' title='bbox 459 555 676 610; x_wconf 91' lang='lat' dir='ltr'>Nonius</span> <span class='ocrx_word' id='word_1_14' title='bbox 706 561 791 623; x_wconf 82' lang='lat'>63,</span> <span class='ocrx_word' id='word_1_15' title='bbox 823 559 887 609; x_wconf 86' lang='grc'>19</span> <span class='ocrx_word' id='word_1_16' title='bbox 930 553 1102 623; x_wconf 81' lang='lat' dir='ltr'>‘logi</span> <span class='ocrx_word' id='word_1_17' title='bbox 1141 571 1176 607; x_wconf 89' lang='lat' dir='ltr'>a</span> <span class='ocrx_word' id='word_1_18' title='bbox 1213 553 1426 609; x_wconf 85' lang='lat' dir='ltr'>Graeco</span> <span class='ocrx_word' id='word_1_19' title='bbox 1466 570 1734 622; x_wconf 81' lang='lat' dir='ltr'>sermone,</span> <span class='ocrx_word' id='word_1_20' title='bbox 1772 554 1864 607; x_wconf 91' lang='lat' dir='ltr'>uel</span> <span class='ocrx_word' id='word_1_21' title='bbox 1903 553 2056 607; x_wconf 89' lang='lat' dir='ltr'>dicta</span> <span class='ocrx_word' id='word_1_22' title='bbox 2092 552 2331 607; x_wconf 89' lang='lat' dir='ltr'>ridicula</span> 
     </span>
     <span class='ocr_line' id='line_1_5' title="bbox 320 624 2331 695; baseline -0.002 -14"><span class='ocrx_word' id='word_1_23' title='bbox 320 630 378 681; x_wconf 90' lang='lat' dir='ltr'>et</span> <span class='ocrx_word' id='word_1_24' title='bbox 415 626 822 682; x_wconf 84' lang='lat' dir='ltr'>contemnenda</span> <span class='ocrx_word' id='word_1_25' title='bbox 859 669 871 680; x_wconf 93' lang='lat'><strong>.</strong></span> <span class='ocrx_word' id='word_1_26' title='bbox 904 670 915 680; x_wconf 94' lang='lat'>.</span> <span class='ocrx_word' id='word_1_27' title='bbox 947 669 958 680; x_wconf 92' lang='lat'><strong><em>.</em></strong></span> <span class='ocrx_word' id='word_1_28' title='bbox 997 624 1280 695; x_wconf 85' lang='lat' dir='ltr'>Turpilius</span> <span class='ocrx_word' id='word_1_29' title='bbox 1320 625 1618 681; x_wconf 85' lang='lat' dir='ltr'>Caneforo:</span> <span class='ocrx_word' id='word_1_30' title='bbox 1665 625 2087 679; x_wconf 83' lang='lat' dir='ltr'>testamentum’</span> <span class='ocrx_word' id='word_1_31' title='bbox 2129 640 2174 679; x_wconf 90' lang='lat' dir='ltr'>e.</span> <span class='ocrx_word' id='word_1_32' title='bbox 2204 642 2256 693; x_wconf 91' lang='lat' dir='ltr'>q.</span> <span class='ocrx_word' id='word_1_33' title='bbox 2289 642 2331 678; x_wconf 83' lang='lat' dir='ltr'>S.</span> 
     </span>
    </p>
   </div>
   <div class='ocr_carea' id='block_1_3' title="bbox 322 757 1374 909">
    <p class='ocr_par' dir='ltr' id='par_1_3' title="bbox 322 757 1374 909">
     <span class='ocr_line' id='line_1_6' title="bbox 322 757 1374 909; baseline -0.005 -1"><span class='ocrx_word' id='word_1_34' title='bbox 322 841 492 909; x_wconf 85' lang='lat' dir='ltr'>Satis</span> <span class='ocrx_word' id='word_1_35' title='bbox 536 842 730 906; x_wconf 73' lang='lat' dir='ltr'>fructi</span> <span class='ocrx_word' id='word_1_36' title='bbox 776 839 1066 905; x_wconf 90' lang='lat' dir='ltr'>reddunt.</span> <span class='ocrx_word' id='word_1_37' title='bbox 1279 757 1374 816; x_wconf 77' lang='lat' dir='ltr'>HI</span> 
     </span>
    </p>
   </div>
   <div class='ocr_carea' id='block_1_4' title="bbox 460 961 2020 1031">
    <p class='ocr_par' dir='ltr' id='par_1_4' title="bbox 460 961 2020 1031">
     <span class='ocr_line' id='line_1_7' title="bbox 460 961 2020 1031; baseline -0.001 -14"><span class='ocrx_word' id='word_1_38' title='bbox 460 962 678 1017; x_wconf 88' lang='lat' dir='ltr'>Nonius</span> <span class='ocrx_word' id='word_1_39' title='bbox 715 967 835 1030; x_wconf 84' lang='grc'>491,</span> <span class='ocrx_word' id='word_1_40' title='bbox 875 968 906 1015; x_wconf 91' lang='grc'><strong>6</strong></span> <span class='ocrx_word' id='word_1_41' title='bbox 948 961 1188 1016; x_wconf 77' lang='lat' dir='ltr'>‘fructi</span> <span class='ocrx_word' id='word_1_42' title='bbox 1224 961 1318 1015; x_wconf 92' lang='lat' dir='ltr'>uel</span> <span class='ocrx_word' id='word_1_43' title='bbox 1355 961 1590 1016; x_wconf 90' lang='lat' dir='ltr'>fructuis</span> <span class='ocrx_word' id='word_1_44' title='bbox 1627 978 1728 1031; x_wconf 89' lang='lat' dir='ltr'>pro</span> <span class='ocrx_word' id='word_1_45' title='bbox 1766 961 2020 1016; x_wconf 88' lang='lat' dir='ltr'>fructus.&#39;</span> 
     </span>
    </p>
   </div>
   <div class='ocr_carea' id='block_1_5' title="bbox 385 1094 1645 1281">
    <p class='ocr_par' dir='ltr' id='par_1_5' title="bbox 385 1094 1645 1281">
     <span class='ocr_line' id='line_1_8' title="bbox 1286 1094 1375 1152; baseline 0 0"><span class='ocrx_word' id='word_1_46' title='bbox 1286 1094 1375 1152; x_wconf 83' lang='lat' dir='ltr'>IV</span> 
     </span>
     <span class='ocr_line' id='line_1_9' title="bbox 385 1194 1645 1281; baseline 0.001 -22"><span class='ocrx_word' id='word_1_47' title='bbox 385 1246 398 1259; x_wconf 88' lang='lat'><strong>.</strong></span> <span class='ocrx_word' id='word_1_48' title='bbox 448 1246 461 1260; x_wconf 91' lang='lat'><strong>.</strong></span> <span class='ocrx_word' id='word_1_49' title='bbox 507 1196 679 1260; x_wconf 92' lang='lat' dir='ltr'>nosti</span> <span class='ocrx_word' id='word_1_50' title='bbox 725 1196 917 1279; x_wconf 74' lang='lat' dir='ltr'>quam</span> <span class='ocrx_word' id='word_1_51' title='bbox 962 1196 1049 1259; x_wconf 90' lang='lat' dir='ltr'>sit</span> <span class='ocrx_word' id='word_1_52' title='bbox 1091 1194 1318 1281; x_wconf 79' lang='lat' dir='ltr'>gracili</span> <span class='ocrx_word' id='word_1_53' title='bbox 1365 1196 1645 1279; x_wconf 89' lang='lat' dir='ltr'>c6rpore.</span> 
     </span>
    </p>
   </div>
   <div class='ocr_carea' id='block_1_6' title="bbox 322 1314 2349 1882">
    <p class='ocr_par' dir='ltr' id='par_1_6' title="bbox 322 1314 2349 1882">
     <span class='ocr_line' id='line_1_10' title="bbox 463 1314 2335 1385; baseline 0 -15"><span class='ocrx_word' id='word_1_54' title='bbox 463 1315 680 1370; x_wconf 91' lang='lat' dir='ltr'>Nonius</span> <span class='ocrx_word' id='word_1_55' title='bbox 721 1322 848 1385; x_wconf 84' lang='grc'>116,</span> <span class='ocrx_word' id='word_1_56' title='bbox 888 1323 919 1371; x_wconf 84' lang='grc'><strong>9</strong></span> <span class='ocrx_word' id='word_1_57' title='bbox 970 1314 1339 1385; x_wconf 81' lang='lat' dir='ltr'>‘gracilitudo</span> <span class='ocrx_word' id='word_1_58' title='bbox 1396 1318 1454 1370; x_wconf 93' lang='lat' dir='ltr'>et</span> <span class='ocrx_word' id='word_1_59' title='bbox 1507 1314 1785 1385; x_wconf 89' lang='lat' dir='ltr'>gracilens</span> <span class='ocrx_word' id='word_1_60' title='bbox 1839 1332 1940 1384; x_wconf 87' lang='lat' dir='ltr'>pro</span> <span class='ocrx_word' id='word_1_61' title='bbox 1995 1315 2224 1385; x_wconf 88' lang='lat' dir='ltr'>gracilis</span> <span class='ocrx_word' id='word_1_62' title='bbox 2276 1319 2335 1371; x_wconf 91' lang='lat' dir='ltr'>et</span> 
     </span>
     <span class='ocr_line' id='line_1_11' title="bbox 322 1385 2349 1458; baseline -0.001 -16"><span class='ocrx_word' id='word_1_63' title='bbox 322 1387 697 1458; x_wconf 80' lang='lat' dir='ltr'>gracilentum</span> <span class='ocrx_word' id='word_1_64' title='bbox 749 1404 850 1457; x_wconf 91' lang='lat' dir='ltr'>pro</span> <span class='ocrx_word' id='word_1_65' title='bbox 904 1385 1104 1457; x_wconf 82' lang='lat' dir='ltr'>gracili</span> <span class='ocrx_word' id='word_1_66' title='bbox 1158 1390 1216 1441; x_wconf 90' lang='lat' dir='ltr'>et</span> <span class='ocrx_word' id='word_1_67' title='bbox 1268 1385 1565 1457; x_wconf 85' lang='lat' dir='ltr'>gracilium</span> <span class='ocrx_word' id='word_1_68' title='bbox 1616 1402 1718 1455; x_wconf 90' lang='lat' dir='ltr'>pro</span> <span class='ocrx_word' id='word_1_69' title='bbox 1771 1385 2104 1456; x_wconf 86' lang='lat' dir='ltr'>gracilitas.’</span> <span class='ocrx_word' id='word_1_70' title='bbox 2190 1390 2349 1457; x_wconf 89' lang='lat' dir='ltr'>(pro.</span> 
     </span>
     <span class='ocr_line' id='line_1_12' title="bbox 323 1456 2335 1538; baseline 0.001 -27"><span class='ocrx_word' id='word_1_71' title='bbox 323 1458 577 1529; x_wconf 86' lang='lat' dir='ltr'>gracili</span> <span class='ocrx_word' id='word_1_72' title='bbox 633 1461 702 1513; x_wconf 91' lang='lat' dir='ltr'>et</span> <span class='ocrx_word' id='word_1_73' title='bbox 755 1457 1121 1528; x_wconf 88' lang='lat' dir='ltr'>gracilium</span> <span class='ocrx_word' id='word_1_74' title='bbox 1176 1474 1282 1511; x_wconf 91' lang='lat' dir='ltr'>om.</span> <span class='ocrx_word' id='word_1_75' title='bbox 1321 1457 1516 1511; x_wconf 87' lang='lat' dir='ltr'>Bamb.</span> <span class='ocrx_word' id='word_1_76' title='bbox 1557 1456 1922 1538; x_wconf 82' lang='lat' dir='ltr'>Scribendum</span> <span class='ocrx_word' id='word_1_77' title='bbox 1976 1457 2335 1527; x_wconf 81' lang='lat' dir='ltr'>‘gracilitudo</span> 
     </span>
     <span class='ocr_line' id='line_1_13' title="bbox 325 1527 2337 1627; baseline 0 -44"><span class='ocrx_word' id='word_1_78' title='bbox 325 1546 426 1611; x_wconf 70' lang='lat' dir='ltr'>pre</span> <span class='ocrx_word' id='word_1_79' title='bbox 445 1529 756 1627; x_wconf 56' lang='lat' dir='ltr'>’grafilitas</span> <span class='ocrx_word' id='word_1_80' title='bbox 769 1573 782 1597; x_wconf 93' lang='lat'>‚</span> <span class='ocrx_word' id='word_1_81' title='bbox 828 1528 1115 1609; x_wconf 42' lang='lat' dir='ltr'>gracilens·</span> <span class='ocrx_word' id='word_1_82' title='bbox 1142 1531 1201 1609; x_wconf 77' lang='lat' dir='ltr'>et</span> <span class='ocrx_word' id='word_1_83' title='bbox 1236 1527 1623 1608; x_wconf 47' lang='lat' dir='ltr'>gracilentum·</span> <span class='ocrx_word' id='word_1_84' title='bbox 1647 1530 1705 1582; x_wconf 87' lang='lat' dir='ltr'>et</span> <span class='ocrx_word' id='word_1_85' title='bbox 1739 1528 2015 1597; x_wconf 82' lang='lat' dir='ltr'>gracilum</span> <span class='ocrx_word' id='word_1_86' title='bbox 2063 1546 2164 1612; x_wconf 76' lang='lat' dir='ltr'>prq</span> <span class='ocrx_word' id='word_1_87' title='bbox 2209 1547 2337 1599; x_wconf 88' lang='lat' dir='ltr'>gra-</span> 
     </span>
     <span class='ocr_line' id='line_1_14' title="bbox 326 1598 2338 1752; baseline 0 -27"><span class='ocrx_word' id='word_1_88' title='bbox 326 1601 838 1752; x_wconf 46' lang='lat'>33222311225‘3530·</span> <span class='ocrx_word' id='word_1_89' title='bbox 872 1598 1459 1740; x_wconf 49' lang='lat' dir='ltr'>mm</span> <span class='ocrx_word' id='word_1_90' title='bbox 1481 1599 1791 1739; x_wconf 39' lang='lat' dir='ltr'>{wus-</span> <span class='ocrx_word' id='word_1_91' title='bbox 1814 1599 2338 1726; x_wconf 37' lang='grc' dir='ltr'>ἕψω</span> 
     </span>
     <span class='ocr_line' id='line_1_15' title="bbox 328 1740 2337 1867; baseline 0.001 -70"><span class='ocrx_word' id='word_1_92' title='bbox 328 1787 339 1797; x_wconf 91' lang='grc'><strong>.</strong></span> <span class='ocrx_word' id='word_1_93' title='bbox 392 1786 404 1797; x_wconf 91' lang='grc'><strong>.</strong></span> <span class='ocrx_word' id='word_1_94' title='bbox 432 1742 991 1867; x_wconf 60' lang='lat' dir='ltr'>tgfacilenticolorem</span> <span class='ocrx_word' id='word_1_95' title='bbox 1039 1786 1049 1796; x_wconf 92' lang='lat'><strong>.</strong></span> <span class='ocrx_word' id='word_1_96' title='bbox 1099 1786 1109 1797; x_wconf 91' lang='lat'><strong><em>.</em></strong></span> <span class='ocrx_word' id='word_1_97' title='bbox 1156 1740 1436 1811; x_wconf 78' lang='lat' dir='ltr'>gracilens</span> <span class='ocrx_word' id='word_1_98' title='bbox 1491 1741 1569 1794; x_wconf 89' lang='lat' dir='ltr'>fit.</span> <span class='ocrx_word' id='word_1_99' title='bbox 1699 1740 1983 1811; x_wconf 76' lang='lat' dir='ltr'>Turpihus</span> <span class='ocrx_word' id='word_1_100' title='bbox 2041 1742 2337 1799; x_wconf 80' lang='lat' dir='ltr'>Canefom:</span> 
     </span>
     <span class='ocr_line' id='line_1_16' title="bbox 328 1830 760 1882; baseline -0.005 -14"><span class='ocrx_word' id='word_1_101' title='bbox 328 1830 431 1868; x_wconf 92' lang='lat' dir='ltr'>nos</span> <span class='ocrx_word' id='word_1_102' title='bbox 458 1831 478 1866; x_wconf 94' lang='lat'>1</span> <span class='ocrx_word' id='word_1_103' title='bbox 541 1830 586 1868; x_wconf 94' lang='lat' dir='ltr'>e.</span> <span class='ocrx_word' id='word_1_104' title='bbox 626 1832 677 1882; x_wconf 89' lang='lat' dir='ltr'>q.</span> <span class='ocrx_word' id='word_1_105' title='bbox 719 1831 760 1867; x_wconf 93' lang='lat' dir='ltr'>s.</span> 
     </span>
    </p>
   </div>
   <div class='ocr_carea' id='block_1_7' title="bbox 326 1899 2342 2042">
    <p class='ocr_par' dir='ltr' id='par_1_7' title="bbox 326 1899 2342 2042">
     <span class='ocr_line' id='line_1_17' title="bbox 466 1899 2342 1973; baseline 0.002 -18"><span class='ocrx_word' id='word_1_106' title='bbox 466 1900 666 1971; x_wconf 89' lang='lat' dir='ltr'>gracili</span> <span class='ocrx_word' id='word_1_107' title='bbox 712 1900 885 1955; x_wconf 68' lang='lat' dir='ltr'>EH&#39;</span> <span class='ocrx_word' id='word_1_108' title='bbox 904 1901 1051 1956; x_wconf 86' lang='lat' dir='ltr'>PW</span> <span class='ocrx_word' id='word_1_109' title='bbox 1086 1899 1296 1970; x_wconf 89' lang='lat' dir='ltr'>gracile</span> <span class='ocrx_word' id='word_1_110' title='bbox 1337 1900 1404 1954; x_wconf 91' lang='lat' dir='ltr'><strong><em>H</em></strong></span> <span class='ocrx_word' id='word_1_111' title='bbox 1408 1900 1425 1932; x_wconf 89' lang='lat'>¹</span> <span class='ocrx_word' id='word_1_112' title='bbox 1462 1899 1664 1954; x_wconf 87' lang='lat' dir='ltr'>cracile</span> <span class='ocrx_word' id='word_1_113' title='bbox 1702 1901 1823 1955; x_wconf 80' lang='lat' dir='ltr'>FL</span> <span class='ocrx_word' id='word_1_114' title='bbox 1868 1901 2073 1956; x_wconf 90' lang='lat' dir='ltr'>cracilo</span> <span class='ocrx_word' id='word_1_115' title='bbox 2118 1903 2342 1973; x_wconf 76' lang='lat' dir='ltr'>Quiche-</span> 
     </span>
     <span class='ocr_line' id='line_1_18' title="bbox 326 1971 1317 2042; baseline -0.005 -12"><span class='ocrx_word' id='word_1_116' title='bbox 326 1979 511 2041; x_wconf 68' lang='lat' dir='ltr'>ratuS,</span> <span class='ocrx_word' id='word_1_117' title='bbox 545 1974 670 2042; x_wconf 78' lang='lat' dir='ltr'>fort.</span> <span class='ocrx_word' id='word_1_118' title='bbox 708 1979 847 2029; x_wconf 82' lang='lat' dir='ltr'>recte</span> <span class='ocrx_word' id='word_1_119' title='bbox 988 1988 1186 2042; x_wconf 88' lang='lat' dir='ltr'>corpus</span> <span class='ocrx_word' id='word_1_120' title='bbox 1222 1971 1317 2026; x_wconf 71' lang='lat' dir='ltr'>L?</span> 
     </span>
    </p>
   </div>
   <div class='ocr_carea' id='block_1_8' title="bbox 1102 2104 1566 2164">
    <p class='ocr_par' dir='ltr' id='par_1_8' title="bbox 1102 2104 1566 2164">
     <span class='ocr_line' id='line_1_19' title="bbox 1102 2104 1566 2164; baseline 0 -2"><span class='ocrx_word' id='word_1_121' title='bbox 1102 2104 1566 2164; x_wconf 80' lang='lat' dir='ltr'><strong>DEMETRIVS</strong></span> 
     </span>
    </p>
   </div>
   <div class='ocr_carea' id='block_1_9' title="bbox 274 2219 2353 3354">
    <p class='ocr_par' dir='ltr' id='par_1_9' title="bbox 274 2219 2353 3354">
     <span class='ocr_line' id='line_1_20' title="bbox 470 2219 2340 2290; baseline 0.003 -18"><span class='ocrx_word' id='word_1_122' title='bbox 470 2220 557 2274; x_wconf 87' lang='lat' dir='ltr'>Fr.</span> <span class='ocrx_word' id='word_1_123' title='bbox 587 2221 639 2274; x_wconf 93' lang='lat' dir='ltr'><strong>V</strong></span> <span class='ocrx_word' id='word_1_124' title='bbox 667 2219 916 2290; x_wconf 86' lang='lat' dir='ltr'>Scaliger</span> <span class='ocrx_word' id='word_1_125' title='bbox 953 2219 1103 2275; x_wconf 85' lang='lat' dir='ltr'>Coni.</span> <span class='ocrx_word' id='word_1_126' title='bbox 1132 2220 1192 2274; x_wconf 92' lang='lat' dir='ltr'>in</span> <span class='ocrx_word' id='word_1_127' title='bbox 1220 2221 1379 2277; x_wconf 87' lang='lat' dir='ltr'>Varr.</span> <span class='ocrx_word' id='word_1_128' title='bbox 1414 2239 1467 2290; x_wconf 89' lang='lat' dir='ltr'>p.</span> <span class='ocrx_word' id='word_1_129' title='bbox 1491 2227 1592 2275; x_wconf 79' lang='lat'>159</span> <span class='ocrx_word' id='word_1_130' title='bbox 1628 2220 1848 2274; x_wconf 85' lang='lat' dir='ltr'>monuit</span> <span class='ocrx_word' id='word_1_131' title='bbox 1884 2221 2178 2276; x_wconf 83' lang='lat' dir='ltr'>convenire</span> <span class='ocrx_word' id='word_1_132' title='bbox 2217 2241 2340 2277; x_wconf 90' lang='lat' dir='ltr'>cum</span> 
     </span>
     <span class='ocr_line' id='line_1_21' title="bbox 330 2288 2343 2380; baseline 0.003 -21"><span class='ocrx_word' id='word_1_133' title='bbox 330 2290 706 2359; x_wconf 43' lang='lat' dir='ltr'>Alenus-ex</span> <span class='ocrx_word' id='word_1_134' title='bbox 734 2288 1498 2380; x_wconf 51' lang='lat' dir='ltr'>,AszLQ-svacles</span> <span class='ocrx_word' id='word_1_135' title='bbox 1551 2292 1618 2346; x_wconf 83' lang='lat' dir='ltr'>fr.</span> <span class='ocrx_word' id='word_1_136' title='bbox 1655 2297 1724 2345; x_wconf 83' lang='grc'>46</span> <span class='ocrx_word' id='word_1_137' title='bbox 1761 2291 1859 2348; x_wconf 72' lang='lat' dir='ltr'>K.=</span> <span class='ocrx_word' id='word_1_138' title='bbox 1914 2291 2188 2363; x_wconf 72' lang='grc' dir='ltr'>πρότερον</span> <span class='ocrx_word' id='word_1_139' title='bbox 2242 2293 2343 2365; x_wconf 74' lang='grc' dir='ltr'>μὲν</span> 
     </span>
     <span class='ocr_line' id='line_1_22' title="bbox 331 2358 2348 2435; baseline 0.002 -19"><span class='ocrx_word' id='word_1_140' title='bbox 331 2358 385 2416; x_wconf 58' lang='lat' dir='ltr'>{l</span> <span class='ocrx_word' id='word_1_141' title='bbox 437 2363 694 2417; x_wconf 78' lang='grc' dir='ltr'><strong><em>πνεύσειε</em></strong></span> <span class='ocrx_word' id='word_1_142' title='bbox 751 2365 955 2435; x_wconf 82' lang='grc' dir='ltr'><strong><em>βορρᾶς</em></strong></span> <span class='ocrx_word' id='word_1_143' title='bbox 1000 2383 1034 2431; x_wconf 87' lang='grc' dir='ltr'>η</span> <span class='ocrx_word' id='word_1_144' title='bbox 1081 2383 1114 2417; x_wconf 92' lang='grc' dir='ltr'><strong><em>ν</em></strong></span> <span class='ocrx_word' id='word_1_145' title='bbox 1148 2382 1240 2426; x_wconf 86' lang='grc' dir='ltr'>τος</span> <span class='ocrx_word' id='word_1_146' title='bbox 1279 2362 1380 2418; x_wconf 89' lang='grc' dir='ltr'>Ἐν</span> <span class='ocrx_word' id='word_1_147' title='bbox 1428 2368 1495 2432; x_wconf 86' lang='grc' dir='ltr'>τῆ</span> <span class='ocrx_word' id='word_1_148' title='bbox 1540 2361 1797 2434; x_wconf 77' lang='grc' dir='ltr'><strong><em>θαλάσσῃ</em></strong></span> <span class='ocrx_word' id='word_1_149' title='bbox 1851 2362 2126 2434; x_wconf 79' lang='grc' dir='ltr'><strong><em>λαμπρός,</em></strong></span> <span class='ocrx_word' id='word_1_150' title='bbox 2179 2365 2348 2435; x_wconf 77' lang='grc' dir='ltr'><strong><em>ἰχθῦς</em></strong></span> 
     </span>
     <span class='ocr_line' id='line_1_23' title="bbox 333 2417 2345 2506; baseline 0.002 -19"><span class='ocrx_word' id='word_1_151' title='bbox 333 2435 437 2488; x_wconf 79' lang='grc' dir='ltr'>οὐκ</span> <span class='ocrx_word' id='word_1_152' title='bbox 475 2431 548 2487; x_wconf 79' lang='grc' dir='ltr'>ἂν</span> <span class='ocrx_word' id='word_1_153' title='bbox 584 2427 655 2502; x_wconf 83' lang='grc' dir='ltr'>ἦν</span> <span class='ocrx_word' id='word_1_154' title='bbox 698 2433 905 2487; x_wconf 79' lang='grc' dir='ltr'><strong><em>Οὐδενὶ</em></strong></span> <span class='ocrx_word' id='word_1_155' title='bbox 957 2441 1176 2503; x_wconf 74' lang='grc' dir='ltr'><strong><em>φαγεῖν.</em></strong></span> <span class='ocrx_word' id='word_1_156' title='bbox 1252 2435 1379 2489; x_wconf 83' lang='grc' dir='ltr'><strong><em>νυνὶ</em></strong></span> <span class='ocrx_word' id='word_1_157' title='bbox 1424 2417 1486 2488; x_wconf 58' lang='grc' dir='ltr'>δὲ</span> <span class='ocrx_word' id='word_1_158' title='bbox 1523 2434 1662 2503; x_wconf 83' lang='grc' dir='ltr'><strong><em>πρὸς</em></strong></span> <span class='ocrx_word' id='word_1_159' title='bbox 1697 2443 1813 2496; x_wconf 84' lang='grc' dir='ltr'><strong><em>τοῖς</em></strong></span> <span class='ocrx_word' id='word_1_160' title='bbox 1848 2436 2161 2506; x_wconf 75' lang='grc' dir='ltr'><strong><em>πνεύμασιν</em></strong></span> <span class='ocrx_word' id='word_1_161' title='bbox 2203 2437 2345 2491; x_wconf 80' lang='grc' dir='ltr'><strong><em>Τού-</em></strong></span> 
     </span>
     <span class='ocr_line' id='line_1_24' title="bbox 335 2502 2347 2575; baseline 0.001 -17"><span class='ocrx_word' id='word_1_162' title='bbox 335 2524 454 2567; x_wconf 82' lang='grc' dir='ltr'><strong><em>τοις</em></strong></span> <span class='ocrx_word' id='word_1_163' title='bbox 493 2502 739 2567; x_wconf 77' lang='grc' dir='ltr'><strong><em>Φάυλλος</em></strong></span> <span class='ocrx_word' id='word_1_164' title='bbox 773 2503 1109 2574; x_wconf 76' lang='grc' dir='ltr'><strong><em>προσγέγονε</em></strong></span> <span class='ocrx_word' id='word_1_165' title='bbox 1145 2507 1351 2575; x_wconf 80' lang='grc' dir='ltr'><strong><em>χειμὼν</em></strong></span> <span class='ocrx_word' id='word_1_166' title='bbox 1385 2503 1567 2574; x_wconf 82' lang='grc' dir='ltr'><strong><em>τρίτος</em></strong></span> <span class='ocrx_word' id='word_1_167' title='bbox 1603 2524 1652 2559; x_wconf 84' lang='grc' dir='ltr'>κ.</span> <span class='ocrx_word' id='word_1_168' title='bbox 1680 2524 1725 2558; x_wconf 82' lang='grc' dir='ltr'>τ.</span> <span class='ocrx_word' id='word_1_169' title='bbox 1757 2507 1802 2559; x_wconf 79' lang='grc' dir='ltr'>λ.</span> <span class='ocrx_word' id='word_1_170' title='bbox 1867 2506 2163 2560; x_wconf 83' lang='lat' dir='ltr'>Praeterea</span> <span class='ocrx_word' id='word_1_171' title='bbox 2199 2507 2266 2560; x_wconf 88' lang='lat' dir='ltr'>fr.</span> <span class='ocrx_word' id='word_1_172' title='bbox 2296 2508 2347 2561; x_wconf 94' lang='lat' dir='ltr'>X</span> 
     </span>
     <span class='ocr_line' id='line_1_25' title="bbox 337 2573 2344 2646; baseline 0 -17"><span class='ocrx_word' id='word_1_173' title='bbox 337 2574 614 2629; x_wconf 81' lang='lat' dir='ltr'>similibus</span> <span class='ocrx_word' id='word_1_174' title='bbox 651 2574 895 2645; x_wconf 87' lang='lat' dir='ltr'>praefari</span> <span class='ocrx_word' id='word_1_175' title='bbox 931 2573 1154 2630; x_wconf 86' lang='lat' dir='ltr'>videtur</span> <span class='ocrx_word' id='word_1_176' title='bbox 1180 2575 1482 2646; x_wconf 88' lang='lat' dir='ltr'>Turpilius,</span> <span class='ocrx_word' id='word_1_177' title='bbox 1520 2575 1713 2644; x_wconf 88' lang='lat' dir='ltr'>qualia</span> <span class='ocrx_word' id='word_1_178' title='bbox 1750 2576 1901 2644; x_wconf 89' lang='lat' dir='ltr'>apud</span> <span class='ocrx_word' id='word_1_179' title='bbox 1927 2576 2220 2632; x_wconf 87' lang='lat' dir='ltr'>Alexidem</span> <span class='ocrx_word' id='word_1_180' title='bbox 2253 2595 2344 2632; x_wconf 86' lang='lat' dir='ltr'>ex-</span> 
     </span>
     <span class='ocr_line' id='line_1_26' title="bbox 333 2644 2340 2720; baseline 0.002 -20"><span class='ocrx_word' id='word_1_181' title='bbox 333 2648 461 2700; x_wconf 88' lang='lat' dir='ltr'>tant</span> <span class='ocrx_word' id='word_1_182' title='bbox 503 2645 569 2700; x_wconf 89' lang='lat' dir='ltr'>fr.</span> <span class='ocrx_word' id='word_1_183' title='bbox 607 2652 702 2702; x_wconf 81' lang='lat'>45:</span> <span class='ocrx_word' id='word_1_184' title='bbox 750 2644 1071 2716; x_wconf 71' lang='grc' dir='ltr'><strong><em>ὁμοιότατος</em></strong></span> <span class='ocrx_word' id='word_1_185' title='bbox 1107 2646 1413 2716; x_wconf 77' lang='grc' dir='ltr'><strong><em>ἄνθρωπος</em></strong></span> <span class='ocrx_word' id='word_1_186' title='bbox 1449 2647 1582 2720; x_wconf 76' lang='grc' dir='ltr'><strong><em>οἴνῳ</em></strong></span> <span class='ocrx_word' id='word_1_187' title='bbox 1618 2646 1722 2715; x_wconf 84' lang='grc' dir='ltr'>τὴν</span> <span class='ocrx_word' id='word_1_188' title='bbox 1758 2647 1928 2715; x_wconf 78' lang='grc' dir='ltr'><strong><em>φύσιν</em></strong></span> <span class='ocrx_word' id='word_1_189' title='bbox 1970 2646 2194 2717; x_wconf 83' lang='grc' dir='ltr'><strong><em>Τρόπον</em></strong></span> <span class='ocrx_word' id='word_1_190' title='bbox 2228 2647 2340 2704; x_wconf 79' lang='grc' dir='ltr'><strong><em>τίν’</em></strong></span> 
     </span>
     <span class='ocr_line' id='line_1_27' title="bbox 336 2713 2342 2789; baseline 0.001 -17"><span class='ocrx_word' id='word_1_191' title='bbox 336 2713 451 2772; x_wconf 75' lang='grc' dir='ltr'><strong><em>ἐστί</em></strong></span> <span class='ocrx_word' id='word_1_192' title='bbox 478 2737 526 2772; x_wconf 78' lang='grc' dir='ltr'>κ.</span> <span class='ocrx_word' id='word_1_193' title='bbox 549 2736 592 2771; x_wconf 78' lang='lat' dir='ltr'>v.</span> <span class='ocrx_word' id='word_1_194' title='bbox 615 2721 679 2785; x_wconf 85' lang='grc' dir='ltr'>λ.,</span> <span class='ocrx_word' id='word_1_195' title='bbox 715 2716 918 2784; x_wconf 88' lang='lat' dir='ltr'>quibus</span> <span class='ocrx_word' id='word_1_196' title='bbox 948 2717 1349 2772; x_wconf 75' lang='lat' dir='ltr'>contradicitur</span> <span class='ocrx_word' id='word_1_197' title='bbox 1376 2717 1443 2772; x_wconf 87' lang='lat' dir='ltr'>fr.</span> <span class='ocrx_word' id='word_1_198' title='bbox 1464 2717 1571 2772; x_wconf 90' lang='lat' dir='ltr'>inc.</span> <span class='ocrx_word' id='word_1_199' title='bbox 1592 2717 1695 2771; x_wconf 91' lang='lat' dir='ltr'>XV</span> <span class='ocrx_word' id='word_1_200' title='bbox 1713 2719 1883 2787; x_wconf 80' lang='lat'>(278):</span> <span class='ocrx_word' id='word_1_201' title='bbox 1922 2716 2090 2774; x_wconf 80' lang='grc' dir='ltr'><strong><em>οὐδέν</em></strong></span> <span class='ocrx_word' id='word_1_202' title='bbox 2123 2717 2176 2789; x_wconf 76' lang='grc' dir='ltr'>γ’</span> <span class='ocrx_word' id='word_1_203' title='bbox 2203 2718 2342 2774; x_wconf 75' lang='grc' dir='ltr'><strong><em>ἔοικ’</em></strong></span> 
     </span>
     <span class='ocr_line' id='line_1_28' title="bbox 338 2787 2349 2861; baseline 0 -19"><span class='ocrx_word' id='word_1_204' title='bbox 338 2788 645 2857; x_wconf 77' lang='grc' dir='ltr'><strong><em>ἅνθρωπος</em></strong></span> <span class='ocrx_word' id='word_1_205' title='bbox 691 2787 823 2861; x_wconf 77' lang='grc' dir='ltr'><strong><em>οἴνῳ</em></strong></span> <span class='ocrx_word' id='word_1_206' title='bbox 866 2788 970 2856; x_wconf 78' lang='grc' dir='ltr'>τὴν</span> <span class='ocrx_word' id='word_1_207' title='bbox 1011 2788 1183 2857; x_wconf 80' lang='grc' dir='ltr'><strong><em>φύσιν</em></strong></span> <span class='ocrx_word' id='word_1_208' title='bbox 1219 2809 1268 2843; x_wconf 84' lang='grc' dir='ltr'>κ.</span> <span class='ocrx_word' id='word_1_209' title='bbox 1305 2809 1351 2843; x_wconf 83' lang='grc' dir='ltr'>τ.</span> <span class='ocrx_word' id='word_1_210' title='bbox 1392 2793 1436 2843; x_wconf 78' lang='grc' dir='ltr'>λ.</span> <span class='ocrx_word' id='word_1_211' title='bbox 1511 2788 1768 2843; x_wconf 83' lang='lat' dir='ltr'>Ceterum</span> <span class='ocrx_word' id='word_1_212' title='bbox 1805 2789 1874 2842; x_wconf 89' lang='lat' dir='ltr'>de</span> <span class='ocrx_word' id='word_1_213' title='bbox 1914 2794 2241 2860; x_wconf 85' lang='lat' dir='ltr'>argumento</span> <span class='ocrx_word' id='word_1_214' title='bbox 2280 2807 2349 2844; x_wconf 87' lang='lat' dir='ltr'>ex</span> 
     </span>
     <span class='ocr_line' id='line_1_29' title="bbox 339 2858 2348 2928; baseline 0 -15"><span class='ocrx_word' id='word_1_215' title='bbox 339 2858 551 2914; x_wconf 85' lang='lat' dir='ltr'>Graeco</span> <span class='ocrx_word' id='word_1_216' title='bbox 586 2861 759 2928; x_wconf 89' lang='lat' dir='ltr'>poeta</span> <span class='ocrx_word' id='word_1_217' title='bbox 792 2858 935 2912; x_wconf 91' lang='lat' dir='ltr'>nihil</span> <span class='ocrx_word' id='word_1_218' title='bbox 974 2875 1133 2928; x_wconf 88' lang='lat' dir='ltr'>sane,</span> <span class='ocrx_word' id='word_1_219' title='bbox 1177 2859 1597 2928; x_wconf 76' lang='lat' dir='ltr'>aliquantillum</span> <span class='ocrx_word' id='word_1_220' title='bbox 1633 2859 1836 2914; x_wconf 84' lang='lat' dir='ltr'>sal-tem</span> <span class='ocrx_word' id='word_1_221' title='bbox 1873 2877 1941 2914; x_wconf 86' lang='lat' dir='ltr'>ex</span> <span class='ocrx_word' id='word_1_222' title='bbox 1976 2864 2168 2915; x_wconf 89' lang='lat' dir='ltr'>nostro</span> <span class='ocrx_word' id='word_1_223' title='bbox 2205 2861 2348 2916; x_wconf 88' lang='lat' dir='ltr'>disci</span> 
     </span>
     <span class='ocr_line' id='line_1_30' title="bbox 337 2929 2349 3003; baseline 0 -19"><span class='ocrx_word' id='word_1_224' title='bbox 337 2932 540 3000; x_wconf 87' lang='lat' dir='ltr'>potest.</span> <span class='ocrx_word' id='word_1_225' title='bbox 615 2929 775 2984; x_wconf 86' lang='lat' dir='ltr'>Certe</span> <span class='ocrx_word' id='word_1_226' title='bbox 822 2932 1045 2985; x_wconf 89' lang='lat' dir='ltr'>constat</span> <span class='ocrx_word' id='word_1_227' title='bbox 1082 2930 1150 2984; x_wconf 91' lang='lat' dir='ltr'>de</span> <span class='ocrx_word' id='word_1_228' title='bbox 1189 2930 1545 2986; x_wconf 80' lang='lat' dir='ltr'>adulescente</span> <span class='ocrx_word' id='word_1_229' title='bbox 1590 2929 1832 3000; x_wconf 85' lang='lat' dir='ltr'>inperito</span> <span class='ocrx_word' id='word_1_230' title='bbox 1871 2934 1930 2986; x_wconf 90' lang='lat' dir='ltr'>et</span> <span class='ocrx_word' id='word_1_231' title='bbox 1963 2932 2133 3001; x_wconf 88' lang='lat' dir='ltr'>paulo</span> <span class='ocrx_word' id='word_1_232' title='bbox 2175 2932 2349 3003; x_wconf 88' lang='lat' dir='ltr'>stupi-</span> 
     </span>
     <span class='ocr_line' id='line_1_31' title="bbox 339 3000 2351 3070; baseline 0.002 -16"><span class='ocrx_word' id='word_1_233' title='bbox 339 3000 495 3054; x_wconf 90' lang='lat' dir='ltr'>diore</span> <span class='ocrx_word' id='word_1_234' title='bbox 533 3001 617 3070; x_wconf 89' lang='lat'>(11.</span> <span class='ocrx_word' id='word_1_235' title='bbox 655 3001 777 3069; x_wconf 90' lang='lat' dir='ltr'>IX),</span> <span class='ocrx_word' id='word_1_236' title='bbox 816 3001 913 3068; x_wconf 91' lang='lat' dir='ltr'>qui</span> <span class='ocrx_word' id='word_1_237' title='bbox 951 3018 1076 3054; x_wconf 90' lang='lat' dir='ltr'>cum</span> <span class='ocrx_word' id='word_1_238' title='bbox 1110 3001 1297 3056; x_wconf 91' lang='lat' dir='ltr'>nescio</span> <span class='ocrx_word' id='word_1_239' title='bbox 1336 3002 1540 3070; x_wconf 91' lang='lat' dir='ltr'>quibus</span> <span class='ocrx_word' id='word_1_240' title='bbox 1578 3001 1759 3056; x_wconf 82' lang='lat' dir='ltr'>turbis</span> <span class='ocrx_word' id='word_1_241' title='bbox 1794 3001 2009 3057; x_wconf 82' lang='lat' dir='ltr'>invitus</span> <span class='ocrx_word' id='word_1_242' title='bbox 2048 3004 2120 3058; x_wconf 91' lang='lat' dir='ltr'>ab</span> <span class='ocrx_word' id='word_1_243' title='bbox 2159 3007 2351 3058; x_wconf 86' lang='lat' dir='ltr'>amata</span> 
     </span>
     <span class='ocr_line' id='line_1_32' title="bbox 274 3071 2353 3143; baseline 0 -14"><span class='ocrx_word' id='word_1_244' title='bbox 274 3124 278 3129; x_wconf 82' lang='grc'><strong>.</strong></span> <span class='ocrx_word' id='word_1_245' title='bbox 340 3071 693 3125; x_wconf 82' lang='lat' dir='ltr'>abalienatus</span> <span class='ocrx_word' id='word_1_246' title='bbox 733 3074 881 3126; x_wconf 87' lang='lat' dir='ltr'>esset</span> <span class='ocrx_word' id='word_1_247' title='bbox 915 3072 1058 3143; x_wconf 87' lang='lat' dir='ltr'><strong>(IV),</strong></span> <span class='ocrx_word' id='word_1_248' title='bbox 1103 3071 1164 3125; x_wconf 94' lang='lat' dir='ltr'>in</span> <span class='ocrx_word' id='word_1_249' title='bbox 1208 3073 1453 3143; x_wconf 86' lang='lat' dir='ltr'>gratiam</span> <span class='ocrx_word' id='word_1_250' title='bbox 1489 3091 1615 3127; x_wconf 91' lang='lat' dir='ltr'>cum</span> <span class='ocrx_word' id='word_1_251' title='bbox 1651 3089 1719 3127; x_wconf 88' lang='lat' dir='ltr'>ea</span> <span class='ocrx_word' id='word_1_252' title='bbox 1755 3073 1917 3129; x_wconf 83' lang='lat' dir='ltr'>redit.</span> <span class='ocrx_word' id='word_1_253' title='bbox 1990 3074 2110 3128; x_wconf 88' lang='lat' dir='ltr'>Nec</span> <span class='ocrx_word' id='word_1_254' title='bbox 2147 3075 2353 3130; x_wconf 87' lang='lat' dir='ltr'>desunt</span> 
     </span>
     <span class='ocr_line' id='line_1_33' title="bbox 340 3142 2353 3216; baseline 0.002 -19"><span class='ocrx_word' id='word_1_255' title='bbox 340 3145 442 3197; x_wconf 89' lang='lat' dir='ltr'>aut</span> <span class='ocrx_word' id='word_1_256' title='bbox 478 3142 546 3197; x_wconf 90' lang='lat' dir='ltr'>de</span> <span class='ocrx_word' id='word_1_257' title='bbox 582 3144 742 3212; x_wconf 84' lang='lat' dir='ltr'>patre</span> <span class='ocrx_word' id='word_1_258' title='bbox 782 3143 1013 3211; x_wconf 89' lang='lat' dir='ltr'>decepto</span> <span class='ocrx_word' id='word_1_259' title='bbox 1053 3143 1218 3214; x_wconf 90' lang='lat' dir='ltr'>(XVI)</span> <span class='ocrx_word' id='word_1_260' title='bbox 1256 3146 1357 3198; x_wconf 90' lang='lat' dir='ltr'>aut</span> <span class='ocrx_word' id='word_1_261' title='bbox 1393 3144 1462 3198; x_wconf 91' lang='lat' dir='ltr'>de</span> <span class='ocrx_word' id='word_1_262' title='bbox 1494 3144 1783 3199; x_wconf 89' lang='lat' dir='ltr'>meretrice</span> <span class='ocrx_word' id='word_1_263' title='bbox 1810 3145 1979 3216; x_wconf 88' lang='lat' dir='ltr'>(XIV)</span> <span class='ocrx_word' id='word_1_264' title='bbox 2008 3145 2353 3202; x_wconf 83' lang='lat' dir='ltr'>testimonia.</span> 
     </span>
     <span class='ocr_line' id='line_1_34' title="bbox 338 3212 2353 3286; baseline 0.003 -19"><span class='ocrx_word' id='word_1_265' title='bbox 338 3213 426 3267; x_wconf 92' lang='lat' dir='ltr'>Ab</span> <span class='ocrx_word' id='word_1_266' title='bbox 475 3230 542 3267; x_wconf 90' lang='lat' dir='ltr'>ea</span> <span class='ocrx_word' id='word_1_267' title='bbox 587 3216 775 3267; x_wconf 88' lang='lat' dir='ltr'>autem</span> <span class='ocrx_word' id='word_1_268' title='bbox 820 3212 1042 3268; x_wconf 84' lang='lat' dir='ltr'>diversa</span> <span class='ocrx_word' id='word_1_269' title='bbox 1086 3214 1324 3269; x_wconf 88' lang='lat' dir='ltr'>fortasse</span> <span class='ocrx_word' id='word_1_270' title='bbox 1370 3215 1508 3285; x_wconf 90' lang='lat' dir='ltr'>fingi</span> <span class='ocrx_word' id='word_1_271' title='bbox 1549 3218 1739 3285; x_wconf 88' lang='lat' dir='ltr'>potest</span> <span class='ocrx_word' id='word_1_272' title='bbox 1783 3215 1907 3286; x_wconf 89' lang='lat' dir='ltr'>ipsa</span> <span class='ocrx_word' id='word_1_273' title='bbox 1944 3215 2103 3286; x_wconf 83' lang='lat' dir='ltr'>virgo</span> <span class='ocrx_word' id='word_1_274' title='bbox 2143 3221 2353 3286; x_wconf 88' lang='lat' dir='ltr'>amata,</span> 
     </span>
     <span class='ocr_line' id='line_1_35' title="bbox 341 3283 1671 3354; baseline 0.002 -16"><span class='ocrx_word' id='word_1_275' title='bbox 341 3285 416 3338; x_wconf 88' lang='lat' dir='ltr'>ad</span> <span class='ocrx_word' id='word_1_276' title='bbox 451 3302 620 3353; x_wconf 89' lang='lat' dir='ltr'>quam</span> <span class='ocrx_word' id='word_1_277' title='bbox 654 3283 933 3354; x_wconf 89' lang='lat' dir='ltr'>pertinere</span> <span class='ocrx_word' id='word_1_278' title='bbox 968 3285 1283 3354; x_wconf 85' lang='lat' dir='ltr'>putaverim</span> <span class='ocrx_word' id='word_1_279' title='bbox 1321 3286 1397 3340; x_wconf 91' lang='lat' dir='ltr'>XI</span> <span class='ocrx_word' id='word_1_280' title='bbox 1435 3289 1493 3340; x_wconf 98' lang='lat' dir='ltr'>et</span> <span class='ocrx_word' id='word_1_281' title='bbox 1527 3286 1671 3340; x_wconf 85' lang='lat' dir='ltr'>XIII.</span> 
     </span>
    </p>
   </div>
   <div class='ocr_carea' id='block_1_10' title="bbox 341 3418 1769 3605">
    <p class='ocr_par' dir='ltr' id='par_1_10' title="bbox 341 3418 1769 3605">
     <span class='ocr_line' id='line_1_36' title="bbox 1327 3418 1358 3476; baseline 0 0"><span class='ocrx_word' id='word_1_282' title='bbox 1327 3418 1358 3476; x_wconf 94' lang='lat' dir='ltr'>I</span> 
     </span>
     <span class='ocr_line' id='line_1_37' title="bbox 341 3515 1769 3605; baseline 0.004 -26"><span class='ocrx_word' id='word_1_283' title='bbox 341 3515 446 3580; x_wconf 88' lang='lat' dir='ltr'>Ab</span> <span class='ocrx_word' id='word_1_284' title='bbox 491 3515 678 3581; x_wconf 73' lang='lat' dir='ltr'>initio</span> <span class='ocrx_word' id='word_1_285' title='bbox 723 3523 797 3582; x_wconf 88' lang='lat' dir='ltr'>ut</span> <span class='ocrx_word' id='word_1_286' title='bbox 842 3541 942 3584; x_wconf 90' lang='lat' dir='ltr'>res</span> <span class='ocrx_word' id='word_1_287' title='bbox 987 3517 1074 3584; x_wconf 74' lang='lat' dir='ltr'>sit</span> <span class='ocrx_word' id='word_1_288' title='bbox 1118 3523 1299 3605; x_wconf 85' lang='lat' dir='ltr'>gesta</span> <span class='ocrx_word' id='word_1_289' title='bbox 1346 3521 1547 3586; x_wconf 76' lang='lat' dir='ltr'>enoda</span> <span class='ocrx_word' id='word_1_290' title='bbox 1591 3520 1769 3586; x_wconf 90' lang='lat' dir='ltr'>mihi.</span> 
     </span>
    </p>
   </div>
   <div class='ocr_carea' id='block_1_11' title="bbox 2242 3337 2249 3367">
    <p class='ocr_par' dir='ltr' id='par_1_11' title="bbox 2242 3337 2249 3367">
     <span class='ocr_line' id='line_1_38' title="bbox 2242 3337 2249 3367; baseline 0 0"><span class='ocrx_word' id='word_1_291' title='bbox 2242 3337 2249 3367; x_wconf 71' lang='lat' dir='ltr'>l</span> 
     </span>
    </p>
   </div>
  </div>
 </body>
</html>
