2610 4007
398 146 528 210 372
986 146 1368 201 LENTVLVS
1440 146 1834 201 MARVLLVS

399 313 614 373 cutem
678 330 898 373 caesus
963 313 1027 372 et
1090 310 1261 373 ultra
1325 309 1494 373 inter
1556 310 1835 374 fullones
1897 310 2026 374 iam
2088 309 2428 375 Nouianos

399 416 800 480 coronandus
878 416 1238 499 meritoque
1323 415 1853 503 mimographo
1936 416 2264 481 Lentulo
2349 418 2429 480 in

403 521 951 587 Catinensibus
1015 526 1648 586 commemoratus
1710 523 1936 605 utique
2001 522 2169 586 sicut
2232 524 2429 587 uesti-

400 629 509 715 gia
545 631 835 693 cestuum
874 628 1058 692 uiriis
1096 629 1455 712 occupauit,
1492 629 1584 692 ita
1621 633 1685 692 et
1723 628 2113 693 endromidis
2146 630 2429 694 solocem

401 736 618 819 aliqua
662 735 952 799 multicia
1002 734 1291 818 synthesi
1347 736 1662 800 extrusit?
1758 734 1851 799 Cf.
1898 734 2080 800 Furii
2128 736 2426 802 Bibaculi

402 842 470 906 in
518 842 715 906 schol.
753 841 970 906 Iuven.
1012 842 1071 927 8,
1112 843 1193 905 16
1248 864 1506 906 versum
1554 840 1737 906 ‘Osce
1792 864 1983 907 senex
2035 841 2425 927 Catinaeque

398 971 576 1034 puer,
626 947 911 1012 Cumana
957 948 1303 1013 meretrix?

774 1205 1352 1289 LENTVLL
1463 1205 2044 1292 HOSTrstH

543 1370 916 1439 Hieronymus
963 1372 1087 1425 adv.
1125 1372 1307 1426 Rufin.
1349 1373 1402 1425 11
1446 1392 1499 1442 p.
1530 1378 1635 1425 414
1686 1373 1766 1425 ‘et
1810 1371 1973 1440 quasi
2018 1371 2254 1424 mimum
2298 1369 2428 1423 Phi-

405 1441 650 1496 listionis
688 1440 781 1495 uel
817 1442 1042 1496 Lentuli
1081 1461 1146 1497 ac
1175 1443 1230 1511 (l.
1270 1446 1391 1512 aut)
1428 1442 1655 1497 Marulli
1704 1444 1992 1513 stropham
2028 1441 2282 1512 eleganti
2320 1458 2428 1494 ser-

405 1531 569 1568 mone
617 1514 955 1568 confictam’.
1030 1513 1109 1568 Cf.
1149 1514 1531 1568 Tertullianus
1570 1515 1645 1568 ad
1680 1514 1940 1568 nationes
1976 1515 2004 1567 I
2042 1520 2108 1567 10
2150 1514 2430 1566 Mercator

402 1585 464 1638 in
509 1584 752 1638 Marium
797 1603 852 1654 p.
883 1591 913 1638 9
962 1586 1023 1639 B.
1077 1589 1235 1654 (mus,
1275 1586 1451 1639 Rhen.
1491 1591 1585 1654 44,
1626 1589 1751 1655 530>
1805 1584 2082 1639 Anubidis
2138 1583 2428 1654 personati

406 1674 479 1710 sc.
521 1655 859 1710 adulterium
907 1656 1138 1724 aliquod
1182 1656 1305 1725 ipso
1346 1674 1510 1710 aerae
1550 1659 1777 1711 nostrae
1824 1656 1990 1710 initio
2029 1657 2242 1710 Romae
2281 1671 2428 1709 com-

401 1727 636 1781 missum
676 1727 942 1796 Iosephus
991 1727 1250 1795 antiquit.
1281 1728 1461 1782 XVIII
1497 1734 1547 1796 3,
1575 1734 1609 1781 4
1656 1730 1873 1796 narrat3
1924 1727 1994 1781 de
2041 1727 2199 1781 Luno
2239 1725 2426 1780 Carris

402 1798 553 1852 culto
592 1797 924 1866 Spartianus
960 1798 1021 1851 in
1058 1798 1336 1853 Caracalli
1372 1798 1492 1854 vita
1530 1816 1575 1853 c.
1609 1806 1655 1853 7.

536 1924 974 1988 Tertullianus
1038 1925 1288 2012 apolog.
1346 1925 1427 1988 15
1494 1925 1812 2010 ‘dispicite
1875 1924 2303 1989 Lentulorum
2368 1928 2432 1988 et

402 2031 835 2096 Hostiliorum
880 2035 1250 2096 uenustates
1302 2036 1525 2097 utrum
1570 2033 1802 2096 mimos
1853 2054 1935 2097 an
1981 2032 2131 2097 deos
2177 2036 2431 2095 uestros

402 2139 471 2202 in
526 2138 683 2203 iocis
739 2142 803 2202 et
859 2136 1143 2222 strophis
1196 2136 1484 2203 rideatis:
1545 2137 1933 2202 moechum
1987 2136 2300 2201 Anubin
2359 2142 2430 2201 et

403 2245 820 2310 masculum
894 2243 1177 2307 Lunam
1253 2247 1327 2308 et
1402 2244 1716 2308 Dianam
1795 2244 2280 2330 flagellatam
2355 2248 2428 2308 et

402 2351 614 2416 Iouis
678 2351 964 2415 mortui
1028 2354 1573 2416 testamentum
1635 2351 2043 2415 recitatum
2119 2353 2192 2414 et
2266 2353 2426 2415 tres

403 2457 774 2522 Hercules
828 2457 1227 2522 famelicos
1282 2458 1609 2522 inrisos?

1006 2713 1807 2801 MARVLLVS

546 2881 628 2934 De
670 2881 936 2934 anuo
983 2879 1309 2934 testimonia
1358 2880 1672 2949 composuit
1714 2879 1993 2950 Hauptius
2040 2880 2225 2933 Herm.
2268 2880 2293 2932 I
2330 2886 2424 2935 43:

406 2953 550 3006 adde
590 2951 643 3006 S.
672 2951 898 3005 Paulini
935 2950 1107 3020 epigr.
1146 2951 1206 3003 in
1242 2968 1389 3020 corp.
1422 2951 1552 3005 eccl.
1588 2952 1687 3005 lat.
1721 2957 1804 3021 16,
1835 2958 1938 3006 499
1978 2970 2028 3005 v.
2062 2956 2154 3019 79,
2205 2951 2276 3004 de
2314 2968 2427 3019 quo

405 3023 677 3077 Manitius
714 3022 775 3076 in
810 3041 949 3076 mus.
980 3022 1155 3076 Rhen.
1187 3029 1271 3091 50,
1304 3028 1421 3076 153.

1056 3191 1385 3250 INOERTI
1429 3189 1766 3250 NOMINIS

1394 3298 1426 3354 I

727 3452 738 3463 .
831 3403 905 3464 tu
949 3398 1292 3463 Hectorem
1340 3399 1619 3463 imitare:
1676 3397 1755 3462 ab
1801 3397 1942 3462 'Ilio

402 3507 775 3589 Numquam
822 3506 1082 3570 recedis.
