2610 4007
863 1171 1598 1259 TITINIVS

1010 1380 1437 1440 BARBATVS

351 1497 638 1552 anvs
676 1497 908 1552 inscribi
944 1497 1111 1552 iussit
1145 1497 1442 1552 Mereerus,
1509 1498 1588 1552 cf.
1611 1498 1788 1552 Varro
1828 1499 1897 1552 de
1934 1499 1972 1553 l.
2001 1499 2038 1552 l.
2061 1499 2112 1553 V
2133 1505 2234 1554 119

209 1569 418 1623 ‘nanus
467 1586 594 1622 cum
640 1569 852 1624 Graeco
898 1567 1149 1637 nomine,
1197 1571 1256 1622 et
1301 1585 1430 1623 cum
1473 1568 1676 1623 Latino
1722 1568 1972 1638 nomine,
2021 1569 2236 1625 Graeca

207 1638 392 1709 figura
429 1639 804 1704 barbatus.²
871 1639 1037 1694 Pauli
1071 1640 1271 1694 Festus
1309 1658 1363 1709 p.
1396 1646 1498 1694 176
1527 1641 1601 1695 Μ.
1636 1641 1867 1694 ‘nanum
1896 1639 2094 1694 Graeci
2131 1659 2233 1695 uas

210 1709 511 1778 aquarium
547 1711 744 1766 dieunt
778 1710 991 1765 humile
1028 1714 1086 1765 et
1123 1727 1433 1765 concauum
1448 1755 1462 1779 ‚
1501 1713 1654 1779 quod
1690 1712 1861 1781 uulgo
1899 1716 2109 1767 uocant
2144 1712 2234 1766 si-

207 1781 432 1835 tulum
486 1782 878 1851 barbatum,
926 1782 1075 1836 unde
1121 1782 1258 1836 nani
1301 1780 1639 1851 pumiliones
1679 1782 2074 1852 appellantur.’
2151 1783 2231 1840 Cf.

209 1851 343 1907 cel.
382 1853 435 1906 Π
471 1858 556 1922 28,
594 1859 661 1907 22
702 1853 766 1909 G.
803 1854 1138 1907 bardatus
1190 1852 1399 1916 νάννος
1443 1853 1506 1908 τὸ
1553 1861 1764 1917 σκεῦος.
1839 1853 1950 1907 Sed
1995 1854 2234 1909 fortasse

122 1986 135 1995 .
208 1922 370 1977 aliud
423 1923 612 1979 nescio
669 1925 807 1993 quid
860 1924 922 1979 in
976 1923 1234 1994 vestigiis
1287 1924 1534 1979 barato
1589 1926 1872 1979 barrato
1936 1926 2232 1981 bai-nato

205 1993 493 2051 baratto
528 1999 809 2052 varrato
846 2013 1046 2051 varro
1082 1995 1241 2051 latet.

1201 2147 1234 2206 I

209 2300 222 2311 .
272 2301 284 2312 .
332 2249 664 2314 inauratae
710 2250 903 2333 atque
950 2249 1232 2313 inlautae
1277 2236 1568 2313 mulieris

351 2369 637 2424 Charisius
675 2389 728 2440 p.
762 2376 861 2424 181
891 2370 952 2425 P.
996 2369 1391 2424 ‘inauratae
1427 2386 1529 2439 pro
1557 2386 1670 2422 non
1698 2371 1947 2423 auratae.
1985 2365 2230 2421 Titinius

208 2438 270 2494 in
305 2441 616 2498 barrato:
656 2440 971 2496 inauratae'
1013 2457 1058 2495 e.
1089 2458 1143 2509 q.
1174 2458 1216 2495 s.
1291 2440 1373 2495 cf.
1411 2440 1602 2494 Plauti
1638 2440 1784 2494 Men.
1824 2445 1943 2493 801.

347 2547 612 2602 mulieres
648 2549 891 2620 intelleyi
924 2549 1133 2604 mavult
1168 2548 1283 2603 Leo
1320 2548 1412 2602 Pl.
1452 2547 1520 2601 F.
1560 2552 1679 2600 327.

1182 2696 1246 2755 II

210 2849 222 2860 .
266 2798 449 2883 prius
497 2820 690 2882 quam
736 2799 892 2862 aur6
938 2797 1228 2901 priuatae
1273 2801 1751 2882 purpuramque
1797 2799 1983 2882 aptae
2028 2797 2230 2861 simus

348 2918 637 2974 Charisius
684 2938 738 3000 p.
776 2925 880 2973 212
918 2919 978 2974 P.
1021 2920 1077 2972 ‘a
1122 2934 1223 2989 pro
1271 2918 1346 2972 ad
1393 2919 1512 2988 (‘ap
1547 2935 1648 2988 pro
1688 2919 1742 2972 a’
1783 2918 1922 2987 Bue)
1963 2912 2228 2972 ‘Titinius

204 2989 264 3044 in
298 2991 579 3047 barato:
626 3007 781 3059 pr1us
819 2991 1009 3059 quam'
1051 3006 1096 3045 e.
1136 3007 1189 3058 q.
1229 3007 1271 3043 s.
1348 2990 1502 3044 ‘nam
1538 2993 1596 3043 et
1635 3006 1768 3059 apes
1815 2988 1979 3058 quasi
2026 3006 2060 3043 a
2115 2992 2228 3044 tae

207 3065 350 3131 sunt,
389 3061 546 3130 quod
580 3060 825 3114 inuicem
861 3060 1240 3131 colligantur?
1318 3060 1671 3131 (titinnius
1707 3060 1831 3115 Par.
2124 3077 2227 3114 ar-

204 3136 364 3204 natp
403 3134 531 3188 Par.
573 3132 903 3187 barathro
943 3133 1027 3189 ecl.
1064 3135 1169 3202 pr.)

284 3304 285 3307 Ἴ
345 3242 519 3309 aptae
558 3238 732 3293 simus
765 3241 964 3322 scripsi
1010 3238 1319 3365 abffsimus
1356 3239 1532 3309 Neap.
1582 3237 1920 3292 subtesimus
1958 3240 2092 3294 Par.
2132 3238 2230 3292 ab·

204 3310 443 3365 teximus
481 3312 563 3365 ed.
594 3328 685 3379 pr.
725 3313 1026 3365 atteximus
1136 3327 1351 3367 ercerus
1506 3326 1861 3379 purpuraque
1901 3327 1972 3379 ap
2010 3312 2067 3364 te
2104 3309 2229 3363 Bue

305 3383 396 3437 De
444 3385 624 3435 s1mus
669 3383 851 3449 forma
894 3385 1016 3438 vide
1061 3383 1317 3438 Mem-ium
1363 3382 1704 3437 Victorinum
1746 3398 1805 3450 p.
1845 3386 1983 3436 2456
2023 3381 2088 3434 P.
2137 3381 2227 3449 (cf.

203 3455 363 3508 etiam
388 3453 553 3523 -prole
628 3494 639 3505 .
677 3470 796 3509 mea
842 3454 994 3525 Very.
1026 3470 1085 3522 p.
1116 3457 1240 3521 394)
1385 3471 1438 3522 p.
1471 3468 1605 3506 auro
1636 3452 1912 3525 (sumus)
1947 3470 2001 3520 p.
2036 3470 2088 3521 p.
2121 3468 2254 3519 que.

204 3523 493 3578 amisimus
595 3525 781 3580 ochius
816 3534 947 3580 ann.
970 3525 1183 3595 philoll.
1226 3530 1365 3578 1874
1395 3542 1454 3593 p.
1488 3529 1607 3577 137.
