<?xml version="1.0" encoding="UTF-8"?>
<!DOCTYPE html PUBLIC "-//W3C//DTD XHTML 1.0 Transitional//EN"
    "http://www.w3.org/TR/xhtml1/DTD/xhtml1-transitional.dtd">
<html xmlns="http://www.w3.org/1999/xhtml" xml:lang="en" lang="en">
 <head>
  <title>
</title>
<meta http-equiv="Content-Type" content="text/html;charset=utf-8" />
  <meta name='ocr-system' content='tesseract 3.04.00' />
  <meta name='ocr-capabilities' content='ocr_page ocr_carea ocr_par ocr_line ocrx_word'/>
</head>
<body>
  <div class='ocr_page' id='page_1' title='image "./scaenicaeromano09ribbgoog_0125.png"; bbox 0 0 2610 4007; ppageno 0'>
   <div class='ocr_carea' id='block_1_1' title="bbox 921 137 2263 206">
    <p class='ocr_par' dir='ltr' id='par_1_1' title="bbox 921 137 2263 206">
     <span class='ocr_line' id='line_1_1' title="bbox 921 137 2263 206; baseline 0.003 -16"><span class='ocrx_word' id='word_1_1' title='bbox 921 137 1194 193; x_wconf 85' lang='lat' dir='ltr'>SEXTVS</span> <span class='ocrx_word' id='word_1_2' title='bbox 1231 138 1611 195; x_wconf 85' lang='lat' dir='ltr'>TVRPILIVS</span> <span class='ocrx_word' id='word_1_3' title='bbox 2137 142 2263 206; x_wconf 85' lang='lat'>113</span> 
     </span>
    </p>
   </div>
   <div class='ocr_carea' id='block_1_2' title="bbox 244 282 2264 442">
    <p class='ocr_par' dir='ltr' id='par_1_2' title="bbox 244 282 2264 442">
     <span class='ocr_line' id='line_1_2' title="bbox 390 282 2264 367; baseline 0.003 -17"><span class='ocrx_word' id='word_1_4' title='bbox 390 296 609 351; x_wconf 86' lang='lat' dir='ltr'>Nonius</span> <span class='ocrx_word' id='word_1_5' title='bbox 647 301 775 365; x_wconf 80' lang='lat'>256,</span> <span class='ocrx_word' id='word_1_6' title='bbox 816 303 880 352; x_wconf 81' lang='lat'>21</span> <span class='ocrx_word' id='word_1_7' title='bbox 925 282 1349 367; x_wconf 58' lang='lat' dir='ltr'>&lt;comparare</span> <span class='ocrx_word' id='word_1_8' title='bbox 1395 297 1613 354; x_wconf 86' lang='lat' dir='ltr'>ueteres</span> <span class='ocrx_word' id='word_1_9' title='bbox 1659 300 1984 356; x_wconf 86' lang='lat' dir='ltr'>confirmare</span> <span class='ocrx_word' id='word_1_10' title='bbox 2030 303 2088 356; x_wconf 89' lang='lat' dir='ltr'>et</span> <span class='ocrx_word' id='word_1_11' title='bbox 2134 318 2264 356; x_wconf 92' lang='lat' dir='ltr'>con-</span> 
     </span>
     <span class='ocr_line' id='line_1_3' title="bbox 244 367 2260 442; baseline 0.002 -19"><span class='ocrx_word' id='word_1_12' title='bbox 244 368 477 423; x_wconf 85' lang='lat' dir='ltr'>stituere</span> <span class='ocrx_word' id='word_1_13' title='bbox 516 367 779 422; x_wconf 85' lang='lat' dir='ltr'>dixerunt</span> <span class='ocrx_word' id='word_1_14' title='bbox 817 412 828 423; x_wconf 91' lang='lat'><strong>.</strong></span> <span class='ocrx_word' id='word_1_15' title='bbox 861 412 873 424; x_wconf 92' lang='lat'><strong>.</strong></span> <span class='ocrx_word' id='word_1_16' title='bbox 905 412 916 422; x_wconf 89' lang='lat'><strong>.</strong></span> <span class='ocrx_word' id='word_1_17' title='bbox 950 413 960 424; x_wconf 87' lang='lat'><strong>.</strong></span> <span class='ocrx_word' id='word_1_18' title='bbox 999 369 1285 440; x_wconf 85' lang='lat' dir='ltr'>Turpilius</span> <span class='ocrx_word' id='word_1_19' title='bbox 1322 369 1384 424; x_wconf 90' lang='lat' dir='ltr'>in</span> <span class='ocrx_word' id='word_1_20' title='bbox 1419 369 1688 426; x_wconf 85' lang='lat' dir='ltr'>Lemniis:</span> <span class='ocrx_word' id='word_1_21' title='bbox 1726 373 2053 440; x_wconf 85' lang='lat' dir='ltr'>numquam&#39;</span> <span class='ocrx_word' id='word_1_22' title='bbox 2076 388 2124 427; x_wconf 89' lang='lat' dir='ltr'>e.</span> <span class='ocrx_word' id='word_1_23' title='bbox 2143 391 2196 442; x_wconf 91' lang='lat' dir='ltr'>q.</span> <span class='ocrx_word' id='word_1_24' title='bbox 2219 392 2260 428; x_wconf 88' lang='lat' dir='ltr'>s.</span> 
     </span>
    </p>
   </div>
   <div class='ocr_carea' id='block_1_3' title="bbox 244 475 2272 621">
    <p class='ocr_par' dir='ltr' id='par_1_3' title="bbox 244 475 2272 621">
     <span class='ocr_line' id='line_1_4' title="bbox 244 475 2272 601; baseline 0.003 -73"><span class='ocrx_word' id='word_1_25' title='bbox 244 552 349 601; x_wconf 72' lang='grc'>693</span> <span class='ocrx_word' id='word_1_26' title='bbox 385 492 693 557; x_wconf 80' lang='lat' dir='ltr'>numquam</span> <span class='ocrx_word' id='word_1_27' title='bbox 717 491 817 556; x_wconf 39' lang='grc'>,1116</span> <span class='ocrx_word' id='word_1_28' title='bbox 862 475 1026 529; x_wconf 83' lang='grc'>11111116</span> <span class='ocrx_word' id='word_1_29' title='bbox 1063 476 1459 547; x_wconf 73' lang='lat' dir='ltr'>AM(ontisp.).·</span> <span class='ocrx_word' id='word_1_30' title='bbox 1494 479 1565 545; x_wconf 80' lang='lat' dir='ltr'>cf.</span> <span class='ocrx_word' id='word_1_31' title='bbox 1593 477 1935 560; x_wconf 37' lang='lat' dir='ltr'>,Bitschelo&#39;us</span> <span class='ocrx_word' id='word_1_32' title='bbox 1975 496 2153 550; x_wconf 70' lang='lat' dir='ltr'>opusc.</span> <span class='ocrx_word' id='word_1_33' title='bbox 2193 482 2272 535; x_wconf 93' lang='lat' dir='ltr'>II</span> 
     </span>
     <span class='ocr_line' id='line_1_5' title="bbox 495 545 2083 621; baseline 0.004 -21"><span class='ocrx_word' id='word_1_34' title='bbox 495 545 827 615; x_wconf 82' lang='lat' dir='ltr'>eligantiam</span> <span class='ocrx_word' id='word_1_35' title='bbox 860 546 916 601; x_wconf 81' lang='lat' dir='ltr'><strong><em>A</em></strong></span> <span class='ocrx_word' id='word_1_36' title='bbox 935 546 1012 600; x_wconf 85' lang='lat' dir='ltr'><strong><em>M</em></strong></span> <span class='ocrx_word' id='word_1_37' title='bbox 1060 549 1129 615; x_wconf 81' lang='lat' dir='ltr'>cf.</span> <span class='ocrx_word' id='word_1_38' title='bbox 1166 564 1214 602; x_wconf 83' lang='lat' dir='ltr'>v.</span> <span class='ocrx_word' id='word_1_39' title='bbox 1253 553 1321 602; x_wconf 85' lang='lat'>39</span> <span class='ocrx_word' id='word_1_40' title='bbox 1360 548 1677 617; x_wconf 85' lang='lat' dir='ltr'>elegantiae</span> <span class='ocrx_word' id='word_1_41' title='bbox 1714 550 1817 619; x_wconf 81' lang='lat' dir='ltr'>(vel</span> <span class='ocrx_word' id='word_1_42' title='bbox 1852 550 2003 620; x_wconf 82' lang='lat' dir='ltr'>ehg.)</span> <span class='ocrx_word' id='word_1_43' title='bbox 2039 572 2083 621; x_wconf 83' lang='grc' dir='ltr'><strong><em>φ</em></strong></span> 
     </span>
    </p>
   </div>
   <div class='ocr_carea' id='block_1_4' title="bbox 1048 696 1461 757">
    <p class='ocr_par' dir='ltr' id='par_1_4' title="bbox 1048 696 1461 757">
     <span class='ocr_line' id='line_1_6' title="bbox 1048 696 1461 757; baseline 0.005 -2"><span class='ocrx_word' id='word_1_44' title='bbox 1048 696 1461 757; x_wconf 81' lang='lat' dir='ltr'>LEVGADIA</span> 
     </span>
    </p>
   </div>
   <div class='ocr_carea' id='block_1_5' title="bbox 164 810 2261 3227">
    <p class='ocr_par' dir='ltr' id='par_1_5' title="bbox 234 810 2261 1876">
     <span class='ocr_line' id='line_1_7' title="bbox 383 810 2258 871; baseline 0.003 -6"><span class='ocrx_word' id='word_1_45' title='bbox 383 810 676 866; x_wconf 79' lang='grc' dir='ltr'><strong><em>Λευκαδία</em></strong></span> <span class='ocrx_word' id='word_1_46' title='bbox 730 811 1041 866; x_wconf 83' lang='lat' dir='ltr'>Menandri.</span> <span class='ocrx_word' id='word_1_47' title='bbox 1114 813 1274 867; x_wconf 90' lang='lat' dir='ltr'>Hanc</span> <span class='ocrx_word' id='word_1_48' title='bbox 1327 812 1582 867; x_wconf 88' lang='lat' dir='ltr'>fabulam</span> <span class='ocrx_word' id='word_1_49' title='bbox 1636 814 1893 869; x_wconf 82' lang='lat' dir='ltr'>enarravi</span> <span class='ocrx_word' id='word_1_50' title='bbox 1941 815 2003 869; x_wconf 92' lang='lat' dir='ltr'>in</span> <span class='ocrx_word' id='word_1_51' title='bbox 2050 816 2258 871; x_wconf 89' lang='lat' dir='ltr'>annall.</span> 
     </span>
     <span class='ocr_line' id='line_1_8' title="bbox 238 879 2259 956; baseline 0.003 -21"><span class='ocrx_word' id='word_1_52' title='bbox 238 879 1104 953; x_wconf 62' lang='grc' dir='ltr'>ΡἈΠΟΙῙΤΈἩΧπὲᾇῖῙῙἜῖωε</span> <span class='ocrx_word' id='word_1_53' title='bbox 1144 900 1178 937; x_wconf 87' lang='grc'>6</span> <span class='ocrx_word' id='word_1_54' title='bbox 1216 883 1397 938; x_wconf 85' lang='lat' dir='ltr'>Servii</span> <span class='ocrx_word' id='word_1_55' title='bbox 1432 884 1573 940; x_wconf 90' lang='lat' dir='ltr'>Dan.</span> <span class='ocrx_word' id='word_1_56' title='bbox 1602 884 1662 938; x_wconf 92' lang='lat' dir='ltr'>in</span> <span class='ocrx_word' id='word_1_57' title='bbox 1689 886 1854 956; x_wconf 85' lang='lat' dir='ltr'>Verg.</span> <span class='ocrx_word' id='word_1_58' title='bbox 1884 887 2022 941; x_wconf 87' lang='lat' dir='ltr'>Aen.</span> <span class='ocrx_word' id='word_1_59' title='bbox 2050 887 2129 941; x_wconf 91' lang='grc' dir='ltr'>ΠΙ</span> <span class='ocrx_word' id='word_1_60' title='bbox 2156 893 2259 941; x_wconf 79' lang='grc'>279</span> 
     </span>
     <span class='ocr_line' id='line_1_9' title="bbox 238 953 2259 1028; baseline 0.002 -20"><span class='ocrx_word' id='word_1_61' title='bbox 238 954 366 1009; x_wconf 86' lang='grc'>1000</span> <span class='ocrx_word' id='word_1_62' title='bbox 403 953 535 1009; x_wconf 77' lang='grc' dir='ltr'>110οε</span> <span class='ocrx_word' id='word_1_63' title='bbox 592 954 790 1008; x_wconf 82' lang='lat' dir='ltr'>‘Varro</span> <span class='ocrx_word' id='word_1_64' title='bbox 837 953 986 1008; x_wconf 84' lang='lat' dir='ltr'>enim</span> <span class='ocrx_word' id='word_1_65' title='bbox 1036 954 1311 1025; x_wconf 88' lang='lat' dir='ltr'>templum</span> <span class='ocrx_word' id='word_1_66' title='bbox 1344 956 1550 1010; x_wconf 91' lang='lat' dir='ltr'>Veneri</span> <span class='ocrx_word' id='word_1_67' title='bbox 1601 958 1674 1010; x_wconf 87' lang='lat' dir='ltr'>ab</span> <span class='ocrx_word' id='word_1_68' title='bbox 1711 956 1904 1011; x_wconf 82' lang='lat' dir='ltr'>Aenea</span> <span class='ocrx_word' id='word_1_69' title='bbox 1954 958 2259 1028; x_wconf 85' lang='lat' dir='ltr'>conditum,</span> 
     </span>
     <span class='ocr_line' id='line_1_10' title="bbox 237 1024 2260 1093; baseline 0.002 -14"><span class='ocrx_word' id='word_1_70' title='bbox 237 1025 342 1079; x_wconf 89' lang='lat' dir='ltr'>ubi</span> <span class='ocrx_word' id='word_1_71' title='bbox 377 1041 527 1078; x_wconf 91' lang='lat' dir='ltr'>nunc</span> <span class='ocrx_word' id='word_1_72' title='bbox 562 1024 775 1079; x_wconf 80' lang='lat' dir='ltr'>Leucas</span> <span class='ocrx_word' id='word_1_73' title='bbox 813 1028 924 1093; x_wconf 86' lang='lat' dir='ltr'>est,</span> <span class='ocrx_word' id='word_1_74' title='bbox 973 1024 1136 1082; x_wconf 81' lang='lat' dir='ltr'>dicit:</span> <span class='ocrx_word' id='word_1_75' title='bbox 1194 1026 1505 1093; x_wconf 83' lang='lat' dir='ltr'>quamuis</span> <span class='ocrx_word' id='word_1_76' title='bbox 1560 1027 1930 1082; x_wconf 88' lang='lat' dir='ltr'>Menander</span> <span class='ocrx_word' id='word_1_77' title='bbox 1985 1031 2052 1088; x_wconf 92' lang='lat' dir='ltr'>et</span> <span class='ocrx_word' id='word_1_78' title='bbox 2096 1029 2260 1083; x_wconf 88' lang='lat' dir='ltr'>Tur-</span> 
     </span>
     <span class='ocr_line' id='line_1_11' title="bbox 237 1095 2261 1169; baseline 0.003 -20"><span class='ocrx_word' id='word_1_79' title='bbox 237 1096 460 1167; x_wconf 79' lang='lat' dir='ltr'>pilius</span> <span class='ocrx_word' id='word_1_80' title='bbox 497 1095 742 1150; x_wconf 89' lang='lat' dir='ltr'>comici</span> <span class='ocrx_word' id='word_1_81' title='bbox 781 1113 815 1149; x_wconf 92' lang='lat' dir='ltr'>a</span> <span class='ocrx_word' id='word_1_82' title='bbox 850 1096 1123 1151; x_wconf 90' lang='lat' dir='ltr'>Phaone</span> <span class='ocrx_word' id='word_1_83' title='bbox 1159 1096 1407 1151; x_wconf 90' lang='lat' dir='ltr'>Lesbio</span> <span class='ocrx_word' id='word_1_84' title='bbox 1444 1096 1514 1151; x_wconf 92' lang='lat' dir='ltr'>id</span> <span class='ocrx_word' id='word_1_85' title='bbox 1550 1098 1873 1169; x_wconf 88' lang='lat' dir='ltr'>templum</span> <span class='ocrx_word' id='word_1_86' title='bbox 1910 1099 2261 1155; x_wconf 87' lang='lat' dir='ltr'>conditum</span> 
     </span>
     <span class='ocr_line' id='line_1_12' title="bbox 239 1166 2258 1238; baseline 0.002 -16"><span class='ocrx_word' id='word_1_87' title='bbox 239 1167 497 1223; x_wconf 85' lang='lat' dir='ltr'>dicant.</span> <span class='ocrx_word' id='word_1_88' title='bbox 572 1166 687 1235; x_wconf 90' lang='lat' dir='ltr'>qui</span> <span class='ocrx_word' id='word_1_89' title='bbox 732 1184 876 1221; x_wconf 91' lang='lat' dir='ltr'>cum</span> <span class='ocrx_word' id='word_1_90' title='bbox 920 1170 1104 1222; x_wconf 87' lang='lat' dir='ltr'>esset</span> <span class='ocrx_word' id='word_1_91' title='bbox 1137 1167 1642 1238; x_wconf 86' lang='lat' dir='ltr'>nauicularius,</span> <span class='ocrx_word' id='word_1_92' title='bbox 1676 1170 1934 1225; x_wconf 87' lang='lat' dir='ltr'>solitus</span> <span class='ocrx_word' id='word_1_93' title='bbox 1971 1188 2007 1227; x_wconf 91' lang='lat' dir='ltr'>a</span> <span class='ocrx_word' id='word_1_94' title='bbox 2042 1172 2258 1227; x_wconf 83' lang='lat' dir='ltr'>Lesbo</span> 
     </span>
     <span class='ocr_line' id='line_1_13' title="bbox 236 1237 2259 1308; baseline 0.001 -15"><span class='ocrx_word' id='word_1_95' title='bbox 236 1238 309 1295; x_wconf 91' lang='lat' dir='ltr'>in</span> <span class='ocrx_word' id='word_1_96' title='bbox 362 1237 836 1293; x_wconf 88' lang='lat' dir='ltr'>continentem</span> <span class='ocrx_word' id='word_1_97' title='bbox 889 1238 1231 1307; x_wconf 86' lang='lat' dir='ltr'>proximos</span> <span class='ocrx_word' id='word_1_98' title='bbox 1296 1255 1600 1308; x_wconf 90' lang='lat' dir='ltr'>quosque</span> <span class='ocrx_word' id='word_1_99' title='bbox 1663 1241 1968 1296; x_wconf 84' lang='lat' dir='ltr'>mercede</span> <span class='ocrx_word' id='word_1_100' title='bbox 2032 1245 2259 1298; x_wconf 87' lang='lat' dir='ltr'>trans-</span> 
     </span>
     <span class='ocr_line' id='line_1_14' title="bbox 236 1309 2257 1394; baseline 0.001 -29"><span class='ocrx_word' id='word_1_101' title='bbox 236 1309 516 1378; x_wconf 87' lang='lat' dir='ltr'>uehere,</span> <span class='ocrx_word' id='word_1_102' title='bbox 562 1310 888 1364; x_wconf 85' lang='lat' dir='ltr'>Venerem</span> <span class='ocrx_word' id='word_1_103' title='bbox 940 1312 1272 1364; x_wconf 86' lang='lat' dir='ltr'>mutatam</span> <span class='ocrx_word' id='word_1_104' title='bbox 1323 1309 1395 1363; x_wconf 85' lang='lat' dir='ltr'>in</span> <span class='ocrx_word' id='word_1_105' title='bbox 1450 1311 1647 1365; x_wconf 91' lang='lat' dir='ltr'>anuis</span> <span class='ocrx_word' id='word_1_106' title='bbox 1702 1312 1983 1368; x_wconf 87' lang='lat' dir='ltr'>formam</span> <span class='ocrx_word' id='word_1_107' title='bbox 2036 1314 2257 1394; x_wconf 67' lang='lat' dir='ltr'>gratis</span> 
     </span>
     <span class='ocr_line' id='line_1_15' title="bbox 236 1379 2259 1464; baseline 0.001 -28"><span class='ocrx_word' id='word_1_108' title='bbox 236 1379 660 1437; x_wconf 86' lang='lat' dir='ltr'>transuexit:</span> <span class='ocrx_word' id='word_1_109' title='bbox 708 1382 1128 1451; x_wconf 88' lang='lat' dir='ltr'>quapropter</span> <span class='ocrx_word' id='word_1_110' title='bbox 1174 1381 1256 1435; x_wconf 89' lang='lat' dir='ltr'>ab</span> <span class='ocrx_word' id='word_1_111' title='bbox 1295 1397 1373 1435; x_wconf 89' lang='grc'>66</span> <span class='ocrx_word' id='word_1_112' title='bbox 1409 1381 1702 1437; x_wconf 88' lang='lat' dir='ltr'>donatus</span> <span class='ocrx_word' id='word_1_113' title='bbox 1740 1387 2076 1464; x_wconf 79' lang='lat' dir='ltr'>unguenti</span> <span class='ocrx_word' id='word_1_114' title='bbox 2114 1384 2259 1438; x_wconf 88' lang='lat' dir='ltr'>ala-</span> 
     </span>
     <span class='ocr_line' id='line_1_16' title="bbox 236 1450 2257 1523; baseline 0 -16"><span class='ocrx_word' id='word_1_115' title='bbox 236 1453 480 1507; x_wconf 87' lang='lat' dir='ltr'>bastro</span> <span class='ocrx_word' id='word_1_116' title='bbox 527 1469 672 1505; x_wconf 91' lang='lat' dir='ltr'>cum</span> <span class='ocrx_word' id='word_1_117' title='bbox 718 1468 785 1506; x_wconf 92' lang='lat' dir='ltr'>se</span> <span class='ocrx_word' id='word_1_118' title='bbox 830 1450 989 1506; x_wconf 90' lang='lat' dir='ltr'>inde</span> <span class='ocrx_word' id='word_1_119' title='bbox 1036 1454 1254 1507; x_wconf 92' lang='lat' dir='ltr'>totum</span> <span class='ocrx_word' id='word_1_120' title='bbox 1299 1456 1659 1523; x_wconf 87' lang='lat' dir='ltr'>ungueret,</span> <span class='ocrx_word' id='word_1_121' title='bbox 1704 1452 1997 1508; x_wconf 82' lang='lat' dir='ltr'>feminas</span> <span class='ocrx_word' id='word_1_122' title='bbox 2043 1454 2113 1508; x_wconf 91' lang='lat' dir='ltr'>in</span> <span class='ocrx_word' id='word_1_123' title='bbox 2153 1455 2257 1509; x_wconf 91' lang='lat' dir='ltr'>sui</span> 
     </span>
     <span class='ocr_line' id='line_1_17' title="bbox 238 1522 2256 1593; baseline 0.002 -16"><span class='ocrx_word' id='word_1_124' title='bbox 238 1539 535 1577; x_wconf 92' lang='lat' dir='ltr'>amorem</span> <span class='ocrx_word' id='word_1_125' title='bbox 578 1522 929 1591; x_wconf 88' lang='lat' dir='ltr'>trahebat,</span> <span class='ocrx_word' id='word_1_126' title='bbox 981 1522 1050 1576; x_wconf 93' lang='lat' dir='ltr'>in</span> <span class='ocrx_word' id='word_1_127' title='bbox 1097 1522 1248 1591; x_wconf 90' lang='lat' dir='ltr'>quis</span> <span class='ocrx_word' id='word_1_128' title='bbox 1293 1522 1433 1577; x_wconf 89' lang='lat' dir='ltr'>fuit</span> <span class='ocrx_word' id='word_1_129' title='bbox 1477 1541 1632 1593; x_wconf 89' lang='lat' dir='ltr'>una,</span> <span class='ocrx_word' id='word_1_130' title='bbox 1689 1541 1859 1592; x_wconf 90' lang='lat' dir='ltr'>quae</span> <span class='ocrx_word' id='word_1_131' title='bbox 1907 1525 1985 1579; x_wconf 95' lang='lat' dir='ltr'>de</span> <span class='ocrx_word' id='word_1_132' title='bbox 2031 1528 2256 1581; x_wconf 91' lang='lat' dir='ltr'>monte</span> 
     </span>
     <span class='ocr_line' id='line_1_18' title="bbox 236 1592 2257 1663; baseline 0 -15"><span class='ocrx_word' id='word_1_133' title='bbox 236 1594 562 1663; x_wconf 76' lang='lat' dir='ltr'>Leucate,</span> <span class='ocrx_word' id='word_1_134' title='bbox 601 1610 745 1647; x_wconf 92' lang='lat' dir='ltr'>cum</span> <span class='ocrx_word' id='word_1_135' title='bbox 780 1592 995 1662; x_wconf 88' lang='lat' dir='ltr'>potiri</span> <span class='ocrx_word' id='word_1_136' title='bbox 1033 1592 1182 1647; x_wconf 87' lang='lat' dir='ltr'>eius</span> <span class='ocrx_word' id='word_1_137' title='bbox 1214 1594 1560 1663; x_wconf 86' lang='lat' dir='ltr'>nequiret,</span> <span class='ocrx_word' id='word_1_138' title='bbox 1597 1594 1939 1650; x_wconf 88' lang='lat' dir='ltr'>abiecisse</span> <span class='ocrx_word' id='word_1_139' title='bbox 1978 1612 2044 1650; x_wconf 90' lang='grc'>66</span> <span class='ocrx_word' id='word_1_140' title='bbox 2083 1595 2257 1650; x_wconf 91' lang='lat' dir='ltr'>dici-</span> 
     </span>
     <span class='ocr_line' id='line_1_19' title="bbox 234 1665 2258 1734; baseline 0.001 -14"><span class='ocrx_word' id='word_1_141' title='bbox 234 1668 374 1720; x_wconf 88' lang='lat' dir='ltr'>tur:</span> <span class='ocrx_word' id='word_1_142' title='bbox 412 1665 560 1719; x_wconf 90' lang='lat' dir='ltr'>unde</span> <span class='ocrx_word' id='word_1_143' title='bbox 596 1682 744 1719; x_wconf 90' lang='lat' dir='ltr'>nunc</span> <span class='ocrx_word' id='word_1_144' title='bbox 782 1668 1070 1719; x_wconf 88' lang='lat' dir='ltr'>auctorare</span> <span class='ocrx_word' id='word_1_145' title='bbox 1108 1681 1167 1719; x_wconf 91' lang='lat' dir='ltr'>se</span> <span class='ocrx_word' id='word_1_146' title='bbox 1205 1665 1507 1733; x_wconf 73' lang='lat' dir='ltr'>quotannis</span> <span class='ocrx_word' id='word_1_147' title='bbox 1537 1666 1720 1730; x_wconf 88' lang='lat' dir='ltr'>solent</span> <span class='ocrx_word' id='word_1_148' title='bbox 1746 1665 1844 1734; x_wconf 91' lang='lat' dir='ltr'>qui</span> <span class='ocrx_word' id='word_1_149' title='bbox 1874 1666 1944 1720; x_wconf 91' lang='lat' dir='ltr'>de</span> <span class='ocrx_word' id='word_1_150' title='bbox 1972 1683 2038 1721; x_wconf 93' lang='lat' dir='ltr'>eo</span> <span class='ocrx_word' id='word_1_151' title='bbox 2065 1670 2258 1722; x_wconf 92' lang='lat' dir='ltr'>monte</span> 
     </span>
     <span class='ocr_line' id='line_1_20' title="bbox 234 1735 2255 1808; baseline 0.001 -19"><span class='ocrx_word' id='word_1_152' title='bbox 234 1735 520 1791; x_wconf 86' lang='lat' dir='ltr'>iaciantur</span> <span class='ocrx_word' id='word_1_153' title='bbox 554 1735 615 1789; x_wconf 90' lang='lat' dir='ltr'>in</span> <span class='ocrx_word' id='word_1_154' title='bbox 651 1736 925 1806; x_wconf 83' lang='lat' dir='ltr'>pelagus.’</span> <span class='ocrx_word' id='word_1_155' title='bbox 971 1736 1254 1806; x_wconf 90' lang='lat' dir='ltr'>(Leucas</span> <span class='ocrx_word' id='word_1_156' title='bbox 1292 1736 1397 1791; x_wconf 87' lang='lat' dir='ltr'>est</span> <span class='ocrx_word' id='word_1_157' title='bbox 1434 1736 1647 1807; x_wconf 84' lang='lat' dir='ltr'>scripsi,</span> <span class='ocrx_word' id='word_1_158' title='bbox 1675 1740 1741 1792; x_wconf 88' lang='lat' dir='ltr'>ut</span> <span class='ocrx_word' id='word_1_159' title='bbox 1765 1740 1964 1807; x_wconf 87' lang='lat' dir='ltr'>postea</span> <span class='ocrx_word' id='word_1_160' title='bbox 1990 1738 2255 1808; x_wconf 88' lang='lat' dir='ltr'>Hagenus</span> 
     </span>
     <span class='ocr_line' id='line_1_21' title="bbox 237 1806 2254 1876; baseline 0.001 -16"><span class='ocrx_word' id='word_1_161' title='bbox 237 1807 581 1862; x_wconf 87' lang='lat' dir='ltr'>leucasem</span> <span class='ocrx_word' id='word_1_162' title='bbox 606 1807 768 1861; x_wconf 76' lang='lat' dir='ltr'>Bern,</span> <span class='ocrx_word' id='word_1_163' title='bbox 869 1806 1066 1861; x_wconf 89' lang='lat' dir='ltr'>anuis</span> <span class='ocrx_word' id='word_1_164' title='bbox 1105 1806 1301 1876; x_wconf 86' lang='lat' dir='ltr'>scripsi</span> <span class='ocrx_word' id='word_1_165' title='bbox 1338 1807 1535 1861; x_wconf 87' lang='lat' dir='ltr'>nauis</span> <span class='ocrx_word' id='word_1_166' title='bbox 1564 1809 1726 1862; x_wconf 86' lang='lat' dir='ltr'>Bern.</span> <span class='ocrx_word' id='word_1_167' title='bbox 1758 1826 1923 1862; x_wconf 90' lang='lat' dir='ltr'>anus</span> <span class='ocrx_word' id='word_1_168' title='bbox 1950 1808 2254 1864; x_wconf 82' lang='lat' dir='ltr'>Masvicius</span> 
     </span>
    </p>

    <p class='ocr_par' dir='ltr' id='par_1_6' title="bbox 164 1878 2257 3227">
     <span class='ocr_line' id='line_1_22' title="bbox 308 1878 2255 1949; baseline 0.002 -18"><span class='ocrx_word' id='word_1_169' title='bbox 308 1878 469 1931; x_wconf 91' lang='lat' dir='ltr'>inde</span> <span class='ocrx_word' id='word_1_170' title='bbox 505 1881 727 1932; x_wconf 90' lang='lat' dir='ltr'>totum</span> <span class='ocrx_word' id='word_1_171' title='bbox 753 1878 844 1932; x_wconf 86' lang='lat' dir='ltr'>vel</span> <span class='ocrx_word' id='word_1_172' title='bbox 880 1878 1037 1932; x_wconf 94' lang='lat' dir='ltr'>inde</span> <span class='ocrx_word' id='word_1_173' title='bbox 1075 1895 1317 1949; x_wconf 88' lang='lat' dir='ltr'>corpus</span> <span class='ocrx_word' id='word_1_174' title='bbox 1355 1882 1423 1933; x_wconf 90' lang='lat' dir='ltr'>et</span> <span class='ocrx_word' id='word_1_175' title='bbox 1458 1879 1723 1933; x_wconf 89' lang='lat' dir='ltr'>uultum</span> <span class='ocrx_word' id='word_1_176' title='bbox 1760 1879 1972 1934; x_wconf 83' lang='lat' dir='ltr'>conieci</span> <span class='ocrx_word' id='word_1_177' title='bbox 2004 1880 2072 1934; x_wconf 91' lang='lat' dir='ltr'>in</span> <span class='ocrx_word' id='word_1_178' title='bbox 2110 1880 2255 1935; x_wconf 91' lang='lat' dir='ltr'>dies</span> 
     </span>
     <span class='ocr_line' id='line_1_23' title="bbox 234 1948 2257 2022; baseline 0.002 -19"><span class='ocrx_word' id='word_1_179' title='bbox 234 1948 536 2005; x_wconf 90' lang='lat' dir='ltr'>inditum</span> <span class='ocrx_word' id='word_1_180' title='bbox 571 1949 732 2003; x_wconf 90' lang='lat' dir='ltr'>Bern.</span> <span class='ocrx_word' id='word_1_181' title='bbox 771 1948 1051 2003; x_wconf 90' lang='lat' dir='ltr'>inlitum</span> <span class='ocrx_word' id='word_1_182' title='bbox 1086 1948 1198 2006; x_wconf 83' lang='lat' dir='ltr'>vid.</span> <span class='ocrx_word' id='word_1_183' title='bbox 1236 1949 1297 2003; x_wconf 89' lang='lat' dir='ltr'>in</span> <span class='ocrx_word' id='word_1_184' title='bbox 1342 1949 1642 2005; x_wconf 88' lang='lat' dir='ltr'>inditum</span> <span class='ocrx_word' id='word_1_185' title='bbox 1692 1950 1906 2022; x_wconf 88' lang='lat' dir='ltr'>latere.)</span> <span class='ocrx_word' id='word_1_186' title='bbox 1979 1950 2059 2006; x_wconf 85' lang='lat' dir='ltr'>cf.</span> <span class='ocrx_word' id='word_1_187' title='bbox 2096 1969 2257 2021; x_wconf 90' lang='lat' dir='ltr'>prae·-</span> 
     </span>
     <span class='ocr_line' id='line_1_24' title="bbox 232 2020 2256 2091; baseline 0.001 -15"><span class='ocrx_word' id='word_1_188' title='bbox 232 2024 395 2076; x_wconf 90' lang='lat' dir='ltr'>terea</span> <span class='ocrx_word' id='word_1_189' title='bbox 428 2020 708 2075; x_wconf 88' lang='lat' dir='ltr'>Lucianus</span> <span class='ocrx_word' id='word_1_190' title='bbox 747 2021 879 2075; x_wconf 86' lang='lat' dir='ltr'>dial.</span> <span class='ocrx_word' id='word_1_191' title='bbox 909 2024 1069 2075; x_wconf 89' lang='lat' dir='ltr'>mort.</span> <span class='ocrx_word' id='word_1_192' title='bbox 1101 2027 1132 2075; x_wconf 84' lang='lat'>9</span> <span class='ocrx_word' id='word_1_193' title='bbox 1180 2027 1211 2075; x_wconf 80' lang='grc'><strong>2</strong></span> <span class='ocrx_word' id='word_1_194' title='bbox 1250 2030 1369 2091; x_wconf 83' lang='grc' dir='ltr'>μῶν</span> <span class='ocrx_word' id='word_1_195' title='bbox 1405 2023 1503 2076; x_wconf 78' lang='grc' dir='ltr'>καὶ</span> <span class='ocrx_word' id='word_1_196' title='bbox 1539 2023 1605 2076; x_wconf 82' lang='grc' dir='ltr'>σύ</span> <span class='ocrx_word' id='word_1_197' title='bbox 1640 2042 1769 2077; x_wconf 82' lang='grc' dir='ltr'><strong><em>τινα</em></strong></span> <span class='ocrx_word' id='word_1_198' title='bbox 1807 2021 1989 2090; x_wconf 78' lang='grc' dir='ltr'><strong><em>ὥσπερ</em></strong></span> <span class='ocrx_word' id='word_1_199' title='bbox 2026 2023 2056 2077; x_wconf 85' lang='grc' dir='ltr'><strong>ὁ</strong></span> <span class='ocrx_word' id='word_1_200' title='bbox 2088 2023 2256 2079; x_wconf 77' lang='grc' dir='ltr'><strong><em>Φάων</em></strong></span> 
     </span>
     <span class='ocr_line' id='line_1_25' title="bbox 231 2064 2255 2167; baseline 0 -19"><span class='ocrx_word' id='word_1_201' title='bbox 231 2092 339 2162; x_wconf 77' lang='grc' dir='ltr'>τὴν</span> <span class='ocrx_word' id='word_1_202' title='bbox 368 2089 697 2162; x_wconf 76' lang='grc' dir='ltr'><strong><em>Ἀφροδίτην</em></strong></span> <span class='ocrx_word' id='word_1_203' title='bbox 727 2087 789 2146; x_wconf 75' lang='grc' dir='ltr'>ἐκ</span> <span class='ocrx_word' id='word_1_204' title='bbox 815 2089 958 2147; x_wconf 82' lang='grc' dir='ltr'><strong><em>Χίου</em></strong></span> <span class='ocrx_word' id='word_1_205' title='bbox 986 2064 1453 2162; x_wconf 60' lang='grc' dir='ltr'><strong><em>διεπᾶρθμενυσας,</em></strong></span> <span class='ocrx_word' id='word_1_206' title='bbox 1493 2088 1612 2147; x_wconf 78' lang='grc' dir='ltr'><em>εἶτά</em></span> <span class='ocrx_word' id='word_1_207' title='bbox 1650 2111 1737 2147; x_wconf 89' lang='grc' dir='ltr'>σοι</span> <span class='ocrx_word' id='word_1_208' title='bbox 1772 2094 2054 2167; x_wconf 75' lang='grc' dir='ltr'><strong><em>εὐξαμένῳ</em></strong></span> <span class='ocrx_word' id='word_1_209' title='bbox 2084 2095 2255 2149; x_wconf 78' lang='grc' dir='ltr'><em>ἔδωκε</em></span> 
     </span>
     <span class='ocr_line' id='line_1_26' title="bbox 164 2158 2254 2236; baseline 0 -18"><span class='ocrx_word' id='word_1_210' title='bbox 164 2198 170 2207; x_wconf 82' lang='grc'>·</span> <span class='ocrx_word' id='word_1_211' title='bbox 231 2162 368 2218; x_wconf 78' lang='grc' dir='ltr'><strong><em>νέον</em></strong></span> <span class='ocrx_word' id='word_1_212' title='bbox 419 2158 569 2217; x_wconf 79' lang='grc' dir='ltr'><strong><em>εἶναι</em></strong></span> <span class='ocrx_word' id='word_1_213' title='bbox 603 2164 702 2217; x_wconf 77' lang='grc' dir='ltr'>καὶ</span> <span class='ocrx_word' id='word_1_214' title='bbox 744 2163 917 2218; x_wconf 80' lang='grc' dir='ltr'><strong><em>καλὸν</em></strong></span> <span class='ocrx_word' id='word_1_215' title='bbox 963 2163 1020 2229; x_wconf 79' lang='grc' dir='ltr'>ἐξ</span> <span class='ocrx_word' id='word_1_216' title='bbox 1067 2164 1321 2236; x_wconf 76' lang='grc' dir='ltr'><strong><em>ὑπαρχῆς</em></strong></span> <span class='ocrx_word' id='word_1_217' title='bbox 1355 2164 1454 2218; x_wconf 78' lang='grc' dir='ltr'>καὶ</span> <span class='ocrx_word' id='word_1_218' title='bbox 1489 2164 1845 2234; x_wconf 79' lang='grc' dir='ltr'><strong><em>ἀξιέραστον;</em></strong></span> <span class='ocrx_word' id='word_1_219' title='bbox 1894 2167 1951 2218; x_wconf 85' lang='grc'>61</span> <span class='ocrx_word' id='word_1_220' title='bbox 1986 2164 2254 2219; x_wconf 86' lang='lat' dir='ltr'>Aelianus</span> 
     </span>
     <span class='ocr_line' id='line_1_27' title="bbox 232 2233 2252 2303; baseline 0 -14"><span class='ocrx_word' id='word_1_221' title='bbox 232 2253 285 2290; x_wconf 80' lang='lat' dir='ltr'>V.</span> <span class='ocrx_word' id='word_1_222' title='bbox 316 2234 372 2289; x_wconf 89' lang='lat' dir='ltr'>h.</span> <span class='ocrx_word' id='word_1_223' title='bbox 410 2233 515 2287; x_wconf 85' lang='lat' dir='ltr'>XII</span> <span class='ocrx_word' id='word_1_224' title='bbox 553 2238 636 2288; x_wconf 87' lang='grc'>18.</span> <span class='ocrx_word' id='word_1_225' title='bbox 708 2233 899 2288; x_wconf 77' lang='lat' dir='ltr'>Finxit</span> <span class='ocrx_word' id='word_1_226' title='bbox 936 2236 1124 2288; x_wconf 90' lang='lat' dir='ltr'>autem</span> <span class='ocrx_word' id='word_1_227' title='bbox 1161 2234 1443 2303; x_wconf 87' lang='lat' dir='ltr'>Turpilius</span> <span class='ocrx_word' id='word_1_228' title='bbox 1480 2234 1898 2289; x_wconf 86' lang='lat' dir='ltr'>adulescentem</span> <span class='ocrx_word' id='word_1_229' title='bbox 1935 2235 2005 2289; x_wconf 91' lang='lat' dir='ltr'>ab</span> <span class='ocrx_word' id='word_1_230' title='bbox 2044 2239 2252 2303; x_wconf 88' lang='lat' dir='ltr'>amata,</span> 
     </span>
     <span class='ocr_line' id='line_1_28' title="bbox 231 2304 2254 2374; baseline 0.001 -15"><span class='ocrx_word' id='word_1_231' title='bbox 231 2321 383 2374; x_wconf 88' lang='lat' dir='ltr'>quae</span> <span class='ocrx_word' id='word_1_232' title='bbox 427 2304 838 2359; x_wconf 85' lang='lat' dir='ltr'>navicularium</span> <span class='ocrx_word' id='word_1_233' title='bbox 893 2304 1134 2374; x_wconf 87' lang='lat' dir='ltr'>deperit,</span> <span class='ocrx_word' id='word_1_234' title='bbox 1191 2304 1497 2372; x_wconf 88' lang='lat' dir='ltr'>desertum,</span> <span class='ocrx_word' id='word_1_235' title='bbox 1552 2306 1839 2360; x_wconf 90' lang='lat' dir='ltr'>Phaonem</span> <span class='ocrx_word' id='word_1_236' title='bbox 1883 2322 2039 2374; x_wconf 85' lang='lat' dir='ltr'>vero,</span> <span class='ocrx_word' id='word_1_237' title='bbox 2087 2323 2254 2374; x_wconf 92' lang='lat' dir='ltr'>quem</span> 
     </span>
     <span class='ocr_line' id='line_1_29' title="bbox 232 2375 2252 2447; baseline 0 -16"><span class='ocrx_word' id='word_1_238' title='bbox 232 2376 373 2431; x_wconf 90' lang='lat' dir='ltr'>olim</span> <span class='ocrx_word' id='word_1_239' title='bbox 411 2392 603 2430; x_wconf 90' lang='lat' dir='ltr'>omnes</span> <span class='ocrx_word' id='word_1_240' title='bbox 639 2376 918 2446; x_wconf 84' lang='lat' dir='ltr'>fugerant,</span> <span class='ocrx_word' id='word_1_241' title='bbox 955 2376 1070 2430; x_wconf 88' lang='lat' dir='ltr'>iam</span> <span class='ocrx_word' id='word_1_242' title='bbox 1105 2375 1289 2445; x_wconf 87' lang='lat' dir='ltr'>ipsum</span> <span class='ocrx_word' id='word_1_243' title='bbox 1323 2375 1711 2431; x_wconf 84' lang='lat' dir='ltr'>fastidientem</span> <span class='ocrx_word' id='word_1_244' title='bbox 1738 2380 1801 2431; x_wconf 82' lang='lat' dir='ltr'>&#39;et</span> <span class='ocrx_word' id='word_1_245' title='bbox 1834 2376 2060 2447; x_wconf 89' lang='lat' dir='ltr'>puellae</span> <span class='ocrx_word' id='word_1_246' title='bbox 2096 2376 2252 2431; x_wconf 89' lang='lat' dir='ltr'>illius</span> 
     </span>
     <span class='ocr_line' id='line_1_30' title="bbox 231 2446 2254 2517; baseline 0 -15"><span class='ocrx_word' id='word_1_247' title='bbox 231 2463 454 2502; x_wconf 89' lang='lat' dir='ltr'>amores</span> <span class='ocrx_word' id='word_1_248' title='bbox 500 2449 867 2517; x_wconf 88' lang='lat' dir='ltr'>spernentem.</span> <span class='ocrx_word' id='word_1_249' title='bbox 943 2446 1097 2512; x_wconf 83' lang='lat' dir='ltr'>Quae</span> <span class='ocrx_word' id='word_1_250' title='bbox 1142 2447 1233 2500; x_wconf 83' lang='lat' dir='ltr'>vel</span> <span class='ocrx_word' id='word_1_251' title='bbox 1279 2447 1580 2516; x_wconf 88' lang='lat' dir='ltr'>desperans</span> <span class='ocrx_word' id='word_1_252' title='bbox 1626 2447 1718 2502; x_wconf 83' lang='lat' dir='ltr'>vel</span> <span class='ocrx_word' id='word_1_253' title='bbox 1769 2447 1924 2501; x_wconf 88' lang='lat' dir='ltr'>iussa</span> <span class='ocrx_word' id='word_1_254' title='bbox 1972 2448 2042 2502; x_wconf 89' lang='lat' dir='ltr'>ab</span> <span class='ocrx_word' id='word_1_255' title='bbox 2090 2465 2156 2503; x_wconf 93' lang='lat' dir='ltr'>eo</span> <span class='ocrx_word' id='word_1_256' title='bbox 2193 2448 2254 2502; x_wconf 90' lang='lat' dir='ltr'>in</span> 
     </span>
     <span class='ocr_line' id='line_1_31' title="bbox 231 2517 2252 2587; baseline 0 -15"><span class='ocrx_word' id='word_1_257' title='bbox 231 2534 387 2572; x_wconf 86' lang='lat' dir='ltr'>mare</span> <span class='ocrx_word' id='word_1_258' title='bbox 426 2534 486 2571; x_wconf 91' lang='lat' dir='ltr'>se</span> <span class='ocrx_word' id='word_1_259' title='bbox 521 2517 742 2587; x_wconf 83' lang='lat' dir='ltr'>proicit,</span> <span class='ocrx_word' id='word_1_260' title='bbox 780 2518 927 2572; x_wconf 90' lang='lat' dir='ltr'>unde</span> <span class='ocrx_word' id='word_1_261' title='bbox 963 2519 1037 2572; x_wconf 89' lang='lat' dir='ltr'>ab</span> <span class='ocrx_word' id='word_1_262' title='bbox 1077 2517 1436 2577; x_wconf 79' lang='lat' dir='ltr'>adulescente</span> <span class='ocrx_word' id='word_1_263' title='bbox 1471 2517 1711 2573; x_wconf 86' lang='lat' dir='ltr'>fortasse</span> <span class='ocrx_word' id='word_1_264' title='bbox 1749 2521 1972 2573; x_wconf 83' lang='lat' dir='ltr'>servata</span> <span class='ocrx_word' id='word_1_265' title='bbox 2001 2519 2073 2573; x_wconf 90' lang='lat' dir='ltr'>ad</span> <span class='ocrx_word' id='word_1_266' title='bbox 2104 2519 2252 2573; x_wconf 89' lang='lat' dir='ltr'>anti-</span> 
     </span>
     <span class='ocr_line' id='line_1_32' title="bbox 229 2587 2253 2659; baseline 0 -14"><span class='ocrx_word' id='word_1_267' title='bbox 229 2606 406 2658; x_wconf 83' lang='lat' dir='ltr'>quam</span> <span class='ocrx_word' id='word_1_268' title='bbox 441 2587 903 2645; x_wconf 87' lang='lat' dir='ltr'>consuetudinem</span> <span class='ocrx_word' id='word_1_269' title='bbox 932 2588 1096 2643; x_wconf 86' lang='lat' dir='ltr'>redit.</span> <span class='ocrx_word' id='word_1_270' title='bbox 1149 2589 1271 2643; x_wconf 89' lang='lat' dir='ltr'>Iam</span> <span class='ocrx_word' id='word_1_271' title='bbox 1305 2591 1484 2644; x_wconf 86' lang='lat' dir='ltr'>restat</span> <span class='ocrx_word' id='word_1_272' title='bbox 1518 2593 1583 2643; x_wconf 91' lang='lat' dir='ltr'>ut</span> <span class='ocrx_word' id='word_1_273' title='bbox 1621 2589 1872 2659; x_wconf 87' lang='lat' dir='ltr'>personis</span> <span class='ocrx_word' id='word_1_274' title='bbox 1910 2588 2024 2644; x_wconf 90' lang='lat' dir='ltr'>suis</span> <span class='ocrx_word' id='word_1_275' title='bbox 2064 2589 2253 2645; x_wconf 85' lang='lat' dir='ltr'>distri-</span> 
     </span>
     <span class='ocr_line' id='line_1_33' title="bbox 229 2658 2253 2728; baseline 0.001 -13"><span class='ocrx_word' id='word_1_276' title='bbox 229 2661 482 2715; x_wconf 81' lang='lat' dir='ltr'>buantur</span> <span class='ocrx_word' id='word_1_277' title='bbox 517 2659 816 2728; x_wconf 87' lang='lat' dir='ltr'>reliquiae:</span> <span class='ocrx_word' id='word_1_278' title='bbox 855 2658 1230 2715; x_wconf 86' lang='lat' dir='ltr'>adulescentis</span> <span class='ocrx_word' id='word_1_279' title='bbox 1267 2660 1310 2728; x_wconf 93' lang='lat' dir='ltr'>I,</span> <span class='ocrx_word' id='word_1_280' title='bbox 1349 2676 1476 2713; x_wconf 91' lang='lat' dir='ltr'>cum</span> <span class='ocrx_word' id='word_1_281' title='bbox 1504 2660 1615 2714; x_wconf 84' lang='lat' dir='ltr'>alio</span> <span class='ocrx_word' id='word_1_282' title='bbox 1645 2660 2069 2717; x_wconf 89' lang='lat' dir='ltr'>sermocinantis</span> <span class='ocrx_word' id='word_1_283' title='bbox 2095 2661 2149 2715; x_wconf 91' lang='grc' dir='ltr'>Π</span> <span class='ocrx_word' id='word_1_284' title='bbox 2174 2662 2253 2717; x_wconf 81' lang='lat' dir='ltr'>m</span> 
     </span>
     <span class='ocr_line' id='line_1_34' title="bbox 232 2730 2255 2802; baseline 0 -16"><span class='ocrx_word' id='word_1_285' title='bbox 232 2732 311 2786; x_wconf 88' lang='lat' dir='ltr'>IV</span> <span class='ocrx_word' id='word_1_286' title='bbox 337 2731 389 2785; x_wconf 90' lang='lat' dir='ltr'><strong>V</strong></span> <span class='ocrx_word' id='word_1_287' title='bbox 418 2730 507 2802; x_wconf 94' lang='lat' dir='ltr'>(cf.</span> <span class='ocrx_word' id='word_1_288' title='bbox 547 2731 686 2786; x_wconf 88' lang='lat' dir='ltr'>Enn.</span> <span class='ocrx_word' id='word_1_289' title='bbox 718 2731 944 2800; x_wconf 82' lang='lat' dir='ltr'>Thyest.</span> <span class='ocrx_word' id='word_1_290' title='bbox 972 2731 1121 2801; x_wconf 88' lang='lat' dir='ltr'>VIII)</span> <span class='ocrx_word' id='word_1_291' title='bbox 1149 2731 1278 2800; x_wconf 88' lang='lat' dir='ltr'>VH,</span> <span class='ocrx_word' id='word_1_292' title='bbox 1318 2730 1558 2786; x_wconf 87' lang='lat' dir='ltr'>amicam</span> <span class='ocrx_word' id='word_1_293' title='bbox 1595 2732 1833 2786; x_wconf 88' lang='lat' dir='ltr'>fortasse</span> <span class='ocrx_word' id='word_1_294' title='bbox 1869 2731 2079 2787; x_wconf 85' lang='lat' dir='ltr'>frustra</span> <span class='ocrx_word' id='word_1_295' title='bbox 2113 2732 2255 2787; x_wconf 92' lang='lat' dir='ltr'>mul-</span> 
     </span>
     <span class='ocr_line' id='line_1_35' title="bbox 228 2801 2254 2884; baseline 0 -27"><span class='ocrx_word' id='word_1_296' title='bbox 228 2801 412 2857; x_wconf 86' lang='lat' dir='ltr'>centis</span> <span class='ocrx_word' id='word_1_297' title='bbox 449 2802 553 2869; x_wconf 91' lang='lat' dir='ltr'>VI,</span> <span class='ocrx_word' id='word_1_298' title='bbox 607 2801 832 2884; x_wconf 85' lang='lat' dir='ltr'>puellae</span> <span class='ocrx_word' id='word_1_299' title='bbox 887 2801 1096 2871; x_wconf 90' lang='lat' dir='ltr'>(Dorcii</span> <span class='ocrx_word' id='word_1_300' title='bbox 1144 2804 1285 2871; x_wconf 86' lang='lat' dir='ltr'>puta</span> <span class='ocrx_word' id='word_1_301' title='bbox 1330 2801 1476 2856; x_wconf 86' lang='lat' dir='ltr'>conl.</span> <span class='ocrx_word' id='word_1_302' title='bbox 1513 2802 1661 2872; x_wconf 90' lang='lat' dir='ltr'><strong>XVI)</strong></span> <span class='ocrx_word' id='word_1_303' title='bbox 1717 2803 1787 2857; x_wconf 89' lang='lat' dir='ltr'>de</span> <span class='ocrx_word' id='word_1_304' title='bbox 1845 2803 2072 2857; x_wconf 87' lang='lat' dir='ltr'>Phaone</span> <span class='ocrx_word' id='word_1_305' title='bbox 2108 2803 2254 2871; x_wconf 79' lang='lat' dir='ltr'>Vm,</span> 
     </span>
     <span class='ocr_line' id='line_1_36' title="bbox 231 2872 2254 2943; baseline -0.001 -14"><span class='ocrx_word' id='word_1_306' title='bbox 231 2873 654 2929; x_wconf 88' lang='lat' dir='ltr'>confabulant1s</span> <span class='ocrx_word' id='word_1_307' title='bbox 692 2891 820 2927; x_wconf 91' lang='lat' dir='ltr'>cum</span> <span class='ocrx_word' id='word_1_308' title='bbox 855 2874 1052 2928; x_wconf 89' lang='lat' dir='ltr'>eodem</span> <span class='ocrx_word' id='word_1_309' title='bbox 1086 2873 1164 2926; x_wconf 91' lang='lat' dir='ltr'>IX</span> <span class='ocrx_word' id='word_1_310' title='bbox 1199 2873 1274 2942; x_wconf 91' lang='lat' dir='ltr'>X,</span> <span class='ocrx_word' id='word_1_311' title='bbox 1332 2872 1535 2926; x_wconf 87' lang='lat' dir='ltr'>deinde</span> <span class='ocrx_word' id='word_1_312' title='bbox 1584 2875 1812 2942; x_wconf 87' lang='lat' dir='ltr'>propter</span> <span class='ocrx_word' id='word_1_313' title='bbox 1857 2873 2019 2942; x_wconf 84' lang='grc'>111116,</span> <span class='ocrx_word' id='word_1_314' title='bbox 2074 2873 2254 2943; x_wconf 88' lang='lat' dir='ltr'>prius-</span> 
     </span>
     <span class='ocr_line' id='line_1_37' title="bbox 230 2943 2256 3013; baseline 0 -15"><span class='ocrx_word' id='word_1_315' title='bbox 230 2962 406 3013; x_wconf 86' lang='lat' dir='ltr'>quam</span> <span class='ocrx_word' id='word_1_316' title='bbox 459 2943 627 2998; x_wconf 89' lang='lat' dir='ltr'>undis</span> <span class='ocrx_word' id='word_1_317' title='bbox 683 2960 741 2998; x_wconf 92' lang='lat' dir='ltr'>se</span> <span class='ocrx_word' id='word_1_318' title='bbox 797 2944 1193 3013; x_wconf 85' lang='lat' dir='ltr'>committeret,</span> <span class='ocrx_word' id='word_1_319' title='bbox 1250 2943 1564 2998; x_wconf 87' lang='lat' dir='ltr'>oberrantis</span> <span class='ocrx_word' id='word_1_320' title='bbox 1611 2943 1712 3012; x_wconf 91' lang='lat' dir='ltr'>XI,</span> <span class='ocrx_word' id='word_1_321' title='bbox 1767 2944 2142 2999; x_wconf 89' lang='lat' dir='ltr'>adulescentis</span> <span class='ocrx_word' id='word_1_322' title='bbox 2198 2948 2256 2999; x_wconf 91' lang='lat' dir='ltr'>et</span> 
     </span>
     <span class='ocr_line' id='line_1_38' title="bbox 232 3013 2253 3087; baseline 0 -18"><span class='ocrx_word' id='word_1_323' title='bbox 232 3015 404 3069; x_wconf 85' lang='lat' dir='ltr'>amici</span> <span class='ocrx_word' id='word_1_324' title='bbox 429 3013 535 3068; x_wconf 87' lang='lat' dir='ltr'>XH</span> <span class='ocrx_word' id='word_1_325' title='bbox 560 3015 704 3084; x_wconf 88' lang='lat' dir='ltr'>XHI,</span> <span class='ocrx_word' id='word_1_326' title='bbox 743 3013 863 3069; x_wconf 87' lang='lat' dir='ltr'>eius</span> <span class='ocrx_word' id='word_1_327' title='bbox 892 3015 989 3083; x_wconf 87' lang='lat' dir='ltr'>qui</span> <span class='ocrx_word' id='word_1_328' title='bbox 1017 3015 1327 3069; x_wconf 83' lang='lat' dir='ltr'>luctantem</span> <span class='ocrx_word' id='word_1_329' title='bbox 1355 3013 1671 3083; x_wconf 87' lang='lat' dir='ltr'>expiscatus</span> <span class='ocrx_word' id='word_1_330' title='bbox 1700 3018 1822 3069; x_wconf 90' lang='lat' dir='ltr'>erat</span> <span class='ocrx_word' id='word_1_331' title='bbox 1849 3015 1992 3087; x_wconf 84' lang='lat' dir='ltr'>XIV,</span> <span class='ocrx_word' id='word_1_332' title='bbox 2029 3015 2253 3086; x_wconf 88' lang='lat' dir='ltr'>puellae</span> 
     </span>
     <span class='ocr_line' id='line_1_39' title="bbox 233 3084 2254 3157; baseline 0.001 -18"><span class='ocrx_word' id='word_1_333' title='bbox 233 3086 441 3157; x_wconf 81' lang='lat' dir='ltr'>frigore</span> <span class='ocrx_word' id='word_1_334' title='bbox 480 3085 795 3143; x_wconf 75' lang='lat' dir='ltr'>laborantis</span> <span class='ocrx_word' id='word_1_335' title='bbox 830 3086 949 3156; x_wconf 92' lang='lat' dir='ltr'>XV,</span> <span class='ocrx_word' id='word_1_336' title='bbox 999 3084 1374 3140; x_wconf 86' lang='lat' dir='ltr'>adulescentis</span> <span class='ocrx_word' id='word_1_337' title='bbox 1412 3085 1473 3138; x_wconf 90' lang='lat' dir='ltr'>in</span> <span class='ocrx_word' id='word_1_338' title='bbox 1508 3085 1752 3155; x_wconf 86' lang='lat' dir='ltr'>gratiam</span> <span class='ocrx_word' id='word_1_339' title='bbox 1787 3103 1915 3141; x_wconf 90' lang='lat' dir='ltr'>cum</span> <span class='ocrx_word' id='word_1_340' title='bbox 1951 3086 2132 3143; x_wconf 85' lang='lat' dir='ltr'>amica</span> <span class='ocrx_word' id='word_1_341' title='bbox 2169 3104 2254 3142; x_wconf 89' lang='lat' dir='ltr'>re·</span> 
     </span>
     <span class='ocr_line' id='line_1_40' title="bbox 231 3156 1833 3227; baseline 0.001 -16"><span class='ocrx_word' id='word_1_342' title='bbox 231 3156 459 3212; x_wconf 88' lang='lat' dir='ltr'>deuntis</span> <span class='ocrx_word' id='word_1_343' title='bbox 497 3157 642 3212; x_wconf 88' lang='lat' dir='ltr'>XVI.</span> <span class='ocrx_word' id='word_1_344' title='bbox 715 3157 970 3225; x_wconf 92' lang='lat' dir='ltr'>Denique</span> <span class='ocrx_word' id='word_1_345' title='bbox 1005 3156 1238 3227; x_wconf 88' lang='lat' dir='ltr'>nuptiae</span> <span class='ocrx_word' id='word_1_346' title='bbox 1273 3158 1548 3227; x_wconf 86' lang='lat' dir='ltr'>parantur</span> <span class='ocrx_word' id='word_1_347' title='bbox 1581 3156 1647 3212; x_wconf 78' lang='lat' dir='ltr'>fir.</span> <span class='ocrx_word' id='word_1_348' title='bbox 1679 3157 1833 3212; x_wconf 89' lang='lat' dir='ltr'>XVH</span> 
     </span>
    </p>
   </div>
   <div class='ocr_carea' id='block_1_6' title="bbox 1232 3288 1261 3346">
    <p class='ocr_par' dir='ltr' id='par_1_7' title="bbox 1232 3288 1261 3346">
     <span class='ocr_line' id='line_1_41' title="bbox 1232 3288 1261 3346; baseline 0 0"><span class='ocrx_word' id='word_1_349' title='bbox 1232 3288 1261 3346; x_wconf 95' lang='lat' dir='ltr'>I</span> 
     </span>
    </p>
   </div>
   <div class='ocr_carea' id='block_1_7' title="bbox 207 3387 2357 3476">
    <p class='ocr_par' dir='ltr' id='par_1_8' title="bbox 207 3387 2357 3476">
     <span class='ocr_line' id='line_1_42' title="bbox 207 3387 2357 3476; baseline 0 -21"><span class='ocrx_word' id='word_1_350' title='bbox 207 3387 436 3467; x_wconf 67' lang='lat' dir='ltr'>‚Quem</span> <span class='ocrx_word' id='word_1_351' title='bbox 485 3389 645 3456; x_wconf 81' lang='lat' dir='ltr'>olim</span> <span class='ocrx_word' id='word_1_352' title='bbox 689 3389 938 3476; x_wconf 78' lang='lat' dir='ltr'>oderat,</span> <span class='ocrx_word' id='word_1_353' title='bbox 983 3390 1264 3455; x_wconf 73' lang='lat' dir='ltr'>sectatur</span> <span class='ocrx_word' id='word_1_354' title='bbox 1308 3389 1481 3455; x_wconf 91' lang='lat' dir='ltr'>ultro</span> <span class='ocrx_word' id='word_1_355' title='bbox 1528 3412 1601 3455; x_wconf 86' lang='lat' dir='ltr'>ac</span> <span class='ocrx_word' id='word_1_356' title='bbox 1647 3390 1915 3457; x_wconf 71' lang='lat' dir='ltr'>detinet:</span> <span class='ocrx_word' id='word_1_357' title='bbox 2255 3407 2357 3456; x_wconf 90' lang='lat'>100</span> 
     </span>
    </p>
   </div>
   <div class='ocr_carea' id='block_1_8' title="bbox 236 3488 1932 3661">
    <p class='ocr_par' dir='ltr' id='par_1_9' title="bbox 236 3488 1932 3661">
     <span class='ocr_line' id='line_1_43' title="bbox 236 3488 1713 3562; baseline 0.001 -1"><span class='ocrx_word' id='word_1_358' title='bbox 236 3494 353 3562; x_wconf 77' lang='lat' dir='ltr'>me</span> <span class='ocrx_word' id='word_1_359' title='bbox 398 3496 686 3562; x_wconf 76' lang='lat' dir='ltr'>insolens</span> <span class='ocrx_word' id='word_1_360' title='bbox 732 3488 945 3561; x_wconf 81' lang='lat' dir='ltr'>autem</span> <span class='ocrx_word' id='word_1_361' title='bbox 991 3501 1065 3561; x_wconf 79' lang='grc'>111</span> <span class='ocrx_word' id='word_1_362' title='bbox 1108 3496 1361 3562; x_wconf 88' lang='lat' dir='ltr'>fastidit</span> <span class='ocrx_word' id='word_1_363' title='bbox 1405 3496 1713 3562; x_wconf 73' lang='lat' dir='ltr'>carnifex!</span> 
     </span>
     <span class='ocr_line' id='line_1_44' title="bbox 334 3606 1932 3661; baseline 0.001 -8"><span class='ocrx_word' id='word_1_364' title='bbox 334 3611 499 3653; x_wconf 79' lang='lat' dir='ltr'>Scaen.</span> <span class='ocrx_word' id='word_1_365' title='bbox 526 3621 650 3661; x_wconf 83' lang='lat' dir='ltr'>poes.</span> <span class='ocrx_word' id='word_1_366' title='bbox 678 3610 808 3652; x_wconf 86' lang='lat' dir='ltr'>Rom.</span> <span class='ocrx_word' id='word_1_367' title='bbox 836 3609 999 3661; x_wconf 78' lang='lat' dir='ltr'>fragm.</span> <span class='ocrx_word' id='word_1_368' title='bbox 1028 3611 1097 3653; x_wconf 86' lang='lat' dir='ltr'>ed.</span> <span class='ocrx_word' id='word_1_369' title='bbox 1126 3611 1359 3653; x_wconf 74' lang='lat' dir='ltr'>annex.</span> <span class='ocrx_word' id='word_1_370' title='bbox 1388 3611 1450 3652; x_wconf 88' lang='lat' dir='ltr'>H.</span> <span class='ocrx_word' id='word_1_371' title='bbox 1901 3606 1932 3655; x_wconf 90' lang='lat'>8</span> 
     </span>
    </p>
   </div>
  </div>
 </body>
</html>
