2610 4007
261 143 268 150 ·
307 104 441 169 244
1087 105 1147 160 L.
1180 104 1548 159 AFRANIVS

452 269 481 318 1
529 264 616 319 uti
665 265 862 334 scripsi
914 266 980 317 ut
1028 262 1119 318 his
1167 264 1368 320 Dresd.
1423 266 1488 318 ut
1535 263 1584 317 is
1637 285 1682 333 φ
1896 265 2080 334 captis
2129 266 2330 322 Dresd.

437 337 488 391 d.
685 341 716 389 2
753 333 1104 405 protruditur
1139 353 1217 390 aa
1250 335 1598 405 prouerritur
1632 337 1723 406 (cf.
1754 338 1846 406 64)
1878 338 2225 393 scribendum
2256 340 2334 392 sit

419 409 497 462 ito
546 406 914 477 prouenditur
959 427 1001 460 ω
1056 405 1323 460 uenditur
1366 407 1615 476 Afranio
1659 424 1773 463 ‘non
1817 410 2103 464 convenire
2148 411 2336 464 docuit

307 473 702 534 Lachmannus
736 478 801 533 in
834 478 1003 549 Lucr.
1036 480 1139 530 121

1145 643 1501 705 SORORES

1304 772 1337 829 I

179 887 306 938 ·315
328 869 420 936 At
463 874 625 956 puer
670 873 769 935 est
813 872 1019 936 uescis
1062 870 1406 936 inbecillus
1450 869 1718 936 uiribus

451 990 671 1045 Nonius
703 996 823 1061 18⁷,
853 998 885 1046 3
926 993 1245 1062 ‘uescum,
1282 991 1564 1046 minutum
1599 993 1900 1047 obscurum
1932 994 2252 1074 (obstusum
2279 999 2338 1064 x)

308 1107 320 1117 .
354 1106 366 1117 .
401 1106 412 1118 .
449 1057 716 1116 Afranius
761 1062 822 1116 in
859 1061 1178 1120 Sororibus:
1227 1062 1321 1118 at’
1356 1080 1404 1118 e.
1434 1081 1486 1132 q.
1518 1081 1562 1117 s.
1634 1062 2021 1134 Philargyrius
2068 1062 2131 1118 in
2167 1064 2337 1136 Verg.

305 1149 494 1204 georg.
529 1133 610 1187 III
648 1139 749 1188 175
790 1135 1080 1204 ‘uescas,
1127 1138 1351 1190 teneras
1391 1138 1449 1189 et
1484 1134 1675 1190 exiles.
1748 1153 1883 1189 nam
1916 1151 2148 1190 uescum
2184 1137 2341 1208 apud

307 1203 572 1272 antiquos
619 1204 669 1258 si
747 1204 981 1261 iflcabat
1023 1220 1298 1276 macrum,
1347 1208 1406 1260 et
1450 1204 1614 1274 quasi
1660 1206 1813 1274 quod
1857 1220 2045 1261 escam
2090 1224 2207 1262 non
2252 1225 2339 1262 re·

307 1276 538 1346 ciperet.
611 1277 662 1330 A
717 1276 878 1332 anius
915 1277 976 1331 in
1013 1278 1335 1333 Sororibus:
1373 1280 1437 1331 at
1470 1277 1632 1346 puer’
1664 1293 1711 1332 e.
1741 1294 1793 1346 q.
1825 1293 1868 1333 s.

452 1399 527 1436 an
555 1383 756 1439 Philar
791 1385 949 1455 yrius
1045 1384 1228 1439 uescis
1257 1385 1439 1439 Nouii
1460 1404 1503 1438 ω
1531 1399 1732 1438 uescus
1761 1385 2155 1457 Philoeryyrius
2255 1385 2342 1440 in-

308 1452 533 1508 becillis
570 1401 796 1509 E'FH‘I¹
810 1456 991 1511 Nonii

1291 1566 1357 1627 11

309 1667 502 1736 Nunc
548 1687 618 1734 se
664 1666 1122 1756 obsequentem
1168 1671 1363 1755 atque
1406 1666 1614 1735 hilare
1660 1670 1797 1736 dixi
1841 1669 2164 1756 praebeat.

457 1789 741 1844 Charisius
786 1807 841 1860 p.
875 1794 978 1844 180
1013 1790 1074 1845 P.
1125 1788 1486 1845 ‘hilariter
1531 1788 1604 1845 ab
1651 1808 1743 1862 eo,
1792 1792 1946 1861 quod
1992 1795 2079 1849 est
2120 1792 2343 1864 hilaris,

309 1859 536 1942 hiiare
574 1864 767 1915 autem
803 1861 877 1916 ab
913 1860 1159 1944 Q&
1193 1865 1260 1916 ut
1293 1861 1563 1944 Helonius
1598 1863 1785 1918 Acron
1819 1864 1881 1918 in
1918 1864 2147 1920 Terenti
2185 1866 2345 1921 adel-

308 1931 437 2002 phis
478 1974 492 1988 .
513 1973 527 1986 .
550 1975 563 1987 .
603 1932 702 1986 sed
739 1933 800 1986 et
832 1932 1101 1987 Aframus
1138 1951 1199 1986 m
1237 1933 1560 1990 Sororibus:
1598 1936 1768 1990 nunc’
1799 1951 1846 1990 e.
1876 1952 1931 2005 q.
1960 1953 2004 1990 s.

453 2052 513 2093 se
549 2040 666 2095 cod.
702 2041 760 2095 te
792 2036 1102 2111 Fabricius,
1131 2040 1420 2097 Bentleius
1445 2042 1510 2096 in
1539 2041 1659 2097 Ter.
1680 2043 1770 2097 ad.
1792 2042 1871 2097 II
1888 2045 1940 2113 4,
1961 2049 2029 2097 23
2155 2041 2347 2098 hilare

309 2112 395 2181 (ut
424 2118 539 2166 test.
573 2111 797 2181 Acron),
833 2127 905 2167 sc.
934 2112 1314 2183 obsequentem,
1352 2110 1723 2169 Neukirchius
1757 2112 2001 2168 hilarem
2036 2112 2152 2170 cod.
2190 2113 2341 2169 hila-

308 2198 432 2235 ram
458 2183 759 2238 Bentleius.
819 2183 900 2253 C'f.
931 2184 1329 2239 Lachmawnus
1353 2186 1416 2238 iu
1444 2183 1612 2239 Lacr.
1646 2189 1746 2238 139
1883 2186 1950 2240 ut
1986 2184 2107 2239 dixi
2135 2184 2345 2242 Fabri-

308 2255 444 2323 ciu8,
478 2254 766 2309 Bentleius
802 2253 954 2308 edixi
982 2255 1237 2326 Machly:
1275 2257 1371 2310 sed
1404 2256 1473 2322 cf.
1503 2257 1686 2311 coroll.
1715 2255 1915 2310 LXXV
1943 2255 2111 2311 dictis
2141 2258 2268 2312 Bue

309 2325 583 2394 praebeat
628 2325 1050 2381 Lindemauuus
1100 2327 1375 2395 praebeas
1421 2328 1535 2381 cod.
1550 2369 1563 2395 ,
1612 2326 1912 2383 Fabricius
1956 2335 2010 2383 et
2052 2329 2347 2384 Be‘ntleius

1127 2493 1534 2554 SVSPEOTA

452 2604 582 2664 Non
610 2607 975 2678 adulescenti,
1015 2610 1114 2664 sed
1143 2609 1521 2665 adulescentis
1561 2626 1733 2665 causa
1768 2609 1815 2682 (Ι
1839 2612 1918 2666 VI
1944 2611 2087 2682 VII),
2126 2612 2175 2667 si
2202 2612 2346 2682 quid

313 2679 499 2749 video,
537 2679 688 2751 patri
726 2684 986 2752 suspecta
1021 2680 1327 2736 inducitur.

1314 2831 1346 2890 I

314 2929 417 2997 Ita
460 2935 537 2997 ut
593 2930 748 2998 huic
792 2954 900 2998 ero
948 2896 1367 3018 adulescenti,
1422 2934 1526 2998 cui
1576 2932 1855 3018 suspicio
1902 2956 2005 2999 me
2051 2934 2346 3019 tradidit,

317 3037 444 3116 Qui
490 3037 723 3104 misere
769 3042 866 3104 est
911 3040 1110 3104 animi
1156 3041 1491 3104 exercitae.

454 3159 672 3214 Nonius
713 3165 770 3229 6,
811 3166 844 3215 8
893 3159 1305 3215 ‘exercitum
1365 3159 1572 3215 dicitur
1616 3158 1949 3231 fatigatum,
2007 3161 2221 3217 dictum
2269 3163 2344 3217 ab

315 3230 581 3287 exercitio
743 3230 1009 3286 Afranius
1047 3232 1344 3302 Suspecta:
1382 3230 1488 3286 ita’
1527 3247 1574 3288 e.
1605 3250 1658 3301 q.
1691 3248 1735 3288 s.

460 3344 490 3393 1
529 3338 636 3411 ita]
674 3338 788 3392 fida
823 3339 1124 3410 aliquando
1161 3341 1402 3395 volebam
1437 3339 1503 3394 iu
1533 3340 1814 3407 trochaei-3,
1850 3346 1902 3395 et
1937 3347 2074 3396 certe
2108 3340 2224 3395 fida.
2259 3343 2346 3397 vel

315 3410 491 3466 simae
591 3412 653 3465 id
677 3411 742 3464 iu
768 3413 1037 3467 smteutia
1062 3412 1269 3466 alicubi
1295 3412 1473 3466 locum
1495 3409 1743 3466 invenire
1768 3412 1954 3466 debuit
2044 3412 2138 3466 ut.
2160 3414 2345 3483 (erasa

319 3480 446 3550 litt.)
573 3483 674 3534 aut
710 3481 790 3535 L¹
934 3480 1176 3551 suspicio
1214 3498 1302 3536 me
1340 3482 1546 3538 conieci
1586 3480 1895 3551 euspicium
1931 3502 1976 3537 ω
2023 3485 2347 3553 suspectam
