2610 4007
984 150 1042 205 L.
1081 150 1410 205 AFRANW
1413 149 1448 203 S
2095 150 2227 214 203

1166 318 1254 376 IV

128 501 136 510 ⁸
197 420 252 486 Ο
303 420 576 507 dignum
621 420 893 484 facinus!
941 420 1365 484 adulescentis
1413 421 1708 503 optumas

194 528 376 592 Bene
424 528 905 612 conuenientes,
950 527 1197 610 <bene>
1244 526 1588 590 concordes
1636 530 1779 590 crim
1826 526 1987 589 uiris

196 633 492 718 Repente
537 634 766 698 uiduas
811 634 1013 697 factas
1058 633 1367 717 spurcitia
1409 634 1638 716 patris!

343 754 563 808 Nonius
602 760 723 824 394,
755 761 783 807 1
829 756 1198 824 ‘spurcum‚
1239 770 1469 807 saeuum
1496 754 1589 807 uel
1618 754 2042 824 sanguinarium
2072 798 2083 809 .
2117 798 2128 808 .
2165 798 2176 809 .
2208 799 2221 810 .

199 826 469 879 Afranius
506 825 740 880 Fratriis
781 870 792 881 .
826 870 835 880 .
870 870 879 880 .
919 826 1070 879 idem
1104 825 1391 880 Diuortio:
1432 842 1463 878 o
1502 825 1764 894 dignum’
1806 843 1851 881 e.
1893 844 1944 894 q.
1985 844 2026 880 s.

345 938 373 984 1
418 949 451 986 o
488 932 786 1002 indignum
820 933 1016 987 Delrio
1231 938 1262 985 2
1303 933 1711 1001 concordesque
1748 935 1958 989 anius
1996 936 2052 987 et
2091 950 2221 986 con-

197 1004 397 1057 cordes
434 1005 675 1059 Bothius
711 1003 1111 1058 concordantes
1147 1021 1189 1058 x
1404 1003 1542 1057 uiris
1581 1005 1839 1060 eretus
1875 1003 2024 1057 uires
2062 1025 2122 1071 ω,
2160 1011 2226 1059 ut

197 1078 435 1155 fortasse
471 1074 642 1128 uireis
678 1078 942 1145 scriptmn
977 1077 1217 1130 extiterit
1422 1081 1453 1128 3
1490 1075 1671 1129 factas
1719 1075 1829 1130 W?
1870 1076 2101 1130 Guietus
2137 1074 2227 1128 fa-

199 1163 316 1200 mas
354 1158 401 1215 ψ

1185 1243 1241 1299 V
1261 1327 1585 1410 plebeium
1632 1348 1860 1412 genus,
2264 1340 2334 1388 55

202 1432 636 1519 Cognationes
681 1433 1054 1498 morborum
1103 1434 1516 1520 cognomines

342 1554 560 1609 Nonius
599 1560 685 1623 87,
715 1561 780 1608 21
807 1554 1307 1625 ‘cognomines’
1349 1554 1451 1625 (sic
1480 1554 1563 1609 F²
1598 1558 1662 1609 ut
1698 1554 1809 1609 vid.
1851 1570 2223 1623 cognomen

202 1628 306 1679 est
344 1630 409 1696 φ)
451 1625 725 1680 ‘eiusdem
758 1626 1040 1681 nominis.’

350 1742 373 1786 1
405 1733 694 1802 plebeium
721 1736 923 1788 conieci
958 1732 1193 1787 laetium
1219 1734 1316 1788 Ba
1352 1732 1552 1787 letium
1579 1754 1622 1799 φ
1660 1732 1763 1787 leti
1801 1749 1961 1787 omne
1991 1733 2222 1802 Lipsius

200 1804 405 1872 letum,
453 1807 491 1859 i.
529 1822 571 1859 e.
612 1804 851 1858 lotorum
886 1806 1243 1860 Hei-mannus
1288 1803 1466 1857 letum
1512 1803 1661 1858 enim
1698 1806 1935 1860 Bothius
1984 1804 2224 1858 bliteum

203 1876 417 1930 Onions
454 1875 556 1929 leti
603 1878 733 1930 olim
773 1878 1076 1945 probabam
1289 1881 1321 1928 2
1360 1875 1866 1944 cognominationis
1905 1876 2224 1931 morborum

205 1946 556 2017 cognominis
577 1967 645 2001 m:
684 1948 755 2014 cf.
775 1949 954 2003 coroll.
975 1946 1148 2000 LXVI
1184 1945 1538 2017 cognationis
1566 1949 1886 2002 morborum
1913 1950 2000 2002 est
2019 1964 2224 2017 cogno-

201 2017 352 2072 mine
381 2020 742 2074 Hermannus
847 2018 1025 2073 letum
1059 2036 1234 2088 genus
1274 2018 1629 2087 cognationis
1666 2020 1986 2074 morborum
2018 2022 2224 2090 cogno-

198 2088 366 2143 minis
405 2091 531 2145 Bue
566 2092 832 2145 sententia
868 2092 1091 2158 difficili

1167 2204 1254 2261 VI

203 2304 459 2392 Mulier,
503 2327 815 2370 nouercae
860 2306 1095 2368 nomen
1140 2305 1267 2369 huc
1315 2305 1472 2370 adde
1518 2305 1817 2389 impium,

205 2410 453 2496 Spurca
499 2413 852 2500 gingiuast‚
897 2413 1124 2498 gannit
1167 2412 1298 2476 hau
1346 2412 1479 2477 dics
1515 2415 1729 2496 potest
1774 2449 1863 2456 ——

342 2533 562 2588 Nonius
601 2540 723 2603 393,
763 2538 829 2587 25
873 2535 1241 2604 ‘spurcum‚
1281 2550 1513 2588 saeuum
1549 2532 1642 2587 uel
1680 2531 2142 2602 sanguinarium.'

350 2647 381 2694 2
421 2641 556 2695 Non
582 2642 752 2710 plane
779 2641 1029 2695 absoluta
1063 2643 1331 2695 sententia
1364 2642 1529 2708 facile
1565 2647 1745 2695 tamen
1770 2641 2068 2710 suppletum,
2107 2656 2148 2692 e.
2179 2656 2223 2694 c.

203 2729 376 2778 quam
416 2711 609 2765 odiose
763 2728 963 2780 spurca
998 2710 1404 2781 gingiuestigia
1444 2710 1671 2781 (uestigi
1712 2711 1846 2766 Gen.
1877 2711 1965 2765 Ηι
2001 2709 2225 2778 uestiga

201 2783 303 2853 L1)
343 2785 444 2836 aut
483 2785 567 2852 (ut
601 2784 679 2851 B)
719 2781 832 2835 dici
868 2803 936 2850 ω,
982 2784 1081 2837 ubi
1115 2782 1350 2863 gingiua
1386 2783 1620 2852 Juniu-s‘,
1671 2783 1824 2836 haud
1874 2783 1954 2836 ed.
1993 2799 2045 2836 a.
2088 2786 2223 2834 1480

311 2856 515 2923 spurca
561 2852 743 2923 magis
790 2852 965 2924 gigni
994 2853 1180 2907 bestia
1225 2855 1328 2922 (vel
1370 2853 1555 2908 bestia
1603 2855 1702 2907 aut
1746 2851 1926 2922 gigni)
1973 2854 2073 2905 aut
2109 2851 2223 2905 dici

204 2924 321 2978 hau
365 2927 577 2994 potest·
605 2925 1113 2979 CFWMuellerus
1166 2941 1367 2993 spurca
1411 2924 1594 2994 magis
1640 2924 1825 2978 bestia
1870 2924 1983 2977 hau
2031 2924 2083 2978 d.
2124 2926 2225 2977 aut

197 2995 335 3065 fingi
372 3015 426 3065 p.
468 2997 592 3051 Bue
628 3013 761 3050 mue.
800 2997 975 3051 Rhen.
1016 3001 1100 3063 29,
1142 3001 1243 3048 199

1155 3126 1273 3185 VII

205 3228 411 3305 Quam
455 3228 847 3314 perspicace,
894 3229 1086 3313 quam
1131 3228 1434 3314 benigne,
1482 3229 1675 3313 quam
1722 3230 1876 3313 cito,

157 3414 161 3417 Α
201 3334 405 3411 Quam
435 3334 714 3421 blande,
760 3358 952 3420 quam
996 3337 1286 3399 materno
1333 3336 1535 3399 uisast
1580 3337 1838 3422 pectore
1886 3338 1997 3400 —1
2262 3350 2333 3399 60

341 3455 561 3509 Nonius
608 3461 735 3525 515,
775 3462 843 3510 30
894 3456 1362 3526 ‘perspicace’
1439 3456 1595 3510 Idem
1641 3462 1770 3525 513,
1812 3464 1877 3511 19
1921 3457 2221 3526 ‘perspi-

200 3543 356 3581 cace
392 3544 496 3596 pro
533 3526 946 3596 perspicaciter.
1018 3527 1282 3581 Afranius
1320 3526 1578 3582 Diuortio
1619 3528 1774 3599 [59].’
