2610 4007
871 142 1239 198 CAECILIVS
1277 143 1537 198 STATIV
1542 143 1578 197 S
2144 145 2227 209 69

198 301 412 372 virgini
459 320 588 356 cum
633 319 920 371 quoquam
965 304 1310 357 consuetudo
1356 303 1556 358 fuerat.
1630 303 1707 357 At
1752 301 1902 357 enim
1938 320 2073 357 sane
2109 303 2224 356 ruri

199 373 483 442 Crobylae
534 373 684 426 filius
738 377 886 445 (eum
935 374 1084 428 enim
1133 375 1305 428 fuisse
1356 377 1515 445 puto)
1563 374 1710 429 festo
1746 374 1931 428 furore
1968 375 2226 428 exultans

198 444 291 511 (cf.
331 445 462 514 VII)
499 445 727 514 ignotus
762 445 1019 514 ignotam
1058 449 1474 515 compresserat.
1548 446 1623 499 Et
1659 446 1729 500 de
1769 445 2067 516 pervigilio
2104 446 2226 514 qui-

201 516 333 569 dem
389 515 631 584 amplius
684 517 1065 585 percontando
1114 517 1387 570 Parmeno
1442 516 1739 586 comperit:
1776 517 1827 570 V
1863 516 1964 586 VI,
2012 517 2111 570 sed
2156 517 2227 570 de

200 589 477 656 auctore5
522 586 791 654 quoniam
842 587 904 640 in
956 587 1204 642 tenebris
1249 587 1403 642 istud
1451 605 1589 656 opus
1636 587 1951 642 confectum
1996 589 2108 657 est,
2155 604 2227 641 ne

198 657 433 727 puellae
472 657 701 726 quidem
736 657 847 727 ipsi
884 661 1120 713 constat.
1183 659 1305 713 Iam
1339 675 1470 713 vero
1508 658 1870 728 gravissimas
1908 658 2028 712 eius
2064 675 2227 727 puer-

199 728 428 800 perium
456 729 652 787 turbas
683 729 892 784 adfert:
932 729 1208 798 siquidem
1235 729 1464 799 nuptias
1491 747 1696 800 magno
1726 732 1951 799 sumptu
1978 733 2224 799 parataS,

201 817 348 869 quas
392 799 605 853 differri
640 799 879 870 legimus
914 800 980 855 fr.
1010 801 1114 854 XII
1140 801 1283 868 XIII,
1324 801 1398 854 ad
1432 801 1679 869 puellam
1709 804 1960 855 nostram
1986 800 2227 855 referen-

204 873 306 925 das
358 887 484 924 esse
529 873 680 925 recte
728 870 1046 926 conicimus.
1124 870 1362 941 Cognito
1409 871 1581 941 enim,
1630 871 1786 925 cuius
1834 889 1892 926 se
1938 871 2123 941 ipsum
2166 871 2227 924 in

202 943 383 997 noxia
420 958 543 996 esse
579 942 783 1011 nescit,
832 942 1103 998 dedecore
1139 961 1252 997 non
1286 943 1476 1012 potuit
1513 942 1839 997 adulescens
1874 960 1989 997 non
2025 961 2060 998 a
2099 960 2227 997 con-

204 1013 365 1084 iugio
403 1013 643 1067 vitiatae
682 1014 1003 1077 abhorrere:
1054 1013 1248 1082 itaque
1294 1013 1532 1068 tollendi
1568 1015 1795 1084 nuptias
1833 1031 2062 1068 causam
2099 1031 2228 1084 cap-

204 1089 361 1166 tans,
410 1102 540 1167 cum
574 1101 765 1138 veram
799 1084 861 1138 in
894 1084 1184 1154 publicum
1226 1085 1473 1154 proferre
1509 1089 1806 1155 vereretur,
1839 1085 2092 1140 fortasse
2129 1103 2227 1140 au-

206 1173 389 1282 11113
411 1155 2229 1309 ‹afzsssawsrzzzzzdzzaapzibsasssssffiesfflf

207 1298 269 1352 fr.
306 1298 430 1366 XV,
471 1300 529 1352 et
564 1301 629 1351 ut
666 1298 839 1352 aham
874 1299 1158 1367 quandam
1197 1301 1498 1370 cognatam
1534 1299 1705 1370 ducat
1740 1299 1858 1352 filio
1894 1299 2227 1368 persuadere

208 1372 448 1423 conatur
478 1368 712 1438 Crobyle
750 1370 901 1439 apud
935 1368 1313 1424 Menandrum
1333 1369 1460 1440 (inc.
1481 1369 1595 1424 fab.
1618 1369 1882 1424 CCXXIV
1902 1398 1969 1415 =
1991 1375 2092 1423 929
2112 1370 2225 1437 K.>:

207 1442 483 1514 Κρωβύλη
527 1445 596 1511 τῇ
644 1442 808 1510 μητρὶ
854 1437 1065 1496 πείθου
1114 1442 1213 1494 καὶ
1255 1439 1423 1510 γάμει
1456 1440 1559 1510 τὴν
1597 1449 1847 1511 συγγενῆ.
1921 1441 2119 1508 Itaque
2156 1441 2227 1494 de

206 1513 360 1566 bona
400 1527 499 1580 spe
537 1511 742 1564 deiecti
777 1514 897 1565 tam
932 1511 1159 1566 afflictis
1197 1511 1363 1564 rebus
1402 1528 1648 1580 congrua
1676 1515 1734 1565 et
1760 1512 2031 1564 Parmeno
2058 1511 2227 1581 (VIII)

208 1586 266 1636 et
303 1599 433 1637 erus
472 1582 586 1652 (IX)
626 1598 813 1636 secum
855 1582 1349 1652 philosophantur,
1402 1584 1573 1650 atque
1620 1582 1689 1636 de
1735 1597 1801 1635 eo
1846 1598 2030 1635 rerum
2075 1584 2229 1635 statu

210 1653 543 1708 deverbium
559 1653 707 1707 inter
724 1656 1021 1722 utrumque
1041 1671 1167 1707 cum
1183 1653 1272 1706 his
1299 1653 1569 1707 innuatur
1587 1653 1884 1723 (Men.VIII
1903 1680 1969 1699 =
1991 1659 2094 1707 407
2114 1652 2227 1723 K.):

210 1721 252 1778 ὦ
289 1728 389 1778 Πα
426 1724 626 1793 μένων,
679 1725 781 1778 οὐκ
829 1724 977 1780 ἔστιν
1023 1725 1249 1795 ἀγαθὸν
1293 1730 1369 1798 τῷ
1418 1722 1518 1798 βίῳ
1558 1722 1845 1795 Φυόμενον
1881 1723 2064 1792 ὥσπερ
2102 1721 2228 1779 δέν-

211 1798 351 1863 δρον
419 1816 454 1850 κ
492 1793 643 1865 ῥίζης
678 1804 824 1864 μιᾶς,
854 1793 988 1850 Ἀλλ’
1028 1791 1190 1866 ἐγγὺς
1226 1794 1453 1865 ἀγαθοῦ
1488 1794 1863 1865 παραπέφυκε
1901 1796 1998 1850 καὶ
2033 1794 2228 1864 κακόν,

202 1865 304 1921 Ἐκ
351 1875 475 1921 τοῦ·
501 1874 680 1921 κακοῦ
725 1865 778 1919 τ’
819 1865 1055 1937 ἤνεγκεν
1101 1868 1329 1948 ἀγαθὸν
1364 1867 1399 1936 ἡ
1437 1867 1603 1936 φύσις
1652 1867 1741 1937 (cf.
1780 1868 1925 1921 Men.
1963 1866 2041 1919 IX
2075 1867 2126 1920 X
2161 1894 2229 1913 =

208 1943 314 1991 410
354 1955 435 2007 sq.
476 1937 590 2007 K),
641 1937 837 1991 eodem
879 1937 1252 2007 probabiliter
1295 1938 1680 1993 revocabimus
1732 1937 2051 1992 Caeciliana
2086 1938 2138 1991 X
2174 1940 2232 1991 et

210 2010 300 2063 XI.
364 2010 453 2063 Ab
490 2008 594 2062 illa
631 2011 821 2063 autem
856 2009 1060 2063 mentis
1100 2009 1388 2077 aequitate
1425 2013 1696 2078 quantum
1723 2012 1921 2080 postea
1950 2010 2232 2079 discrepat

207 2079 577 2134 Parmenonis
630 2079 747 2134 sive
802 2080 1064 2134 advocati
1116 2080 1354 2134 alicuius
1402 2081 1728 2151 pauperiem
1771 2081 1996 2150 publice
2041 2080 2231 2134 defen-

213 2151 394 2205 dundi
446 2149 700 2205 studium
735 2152 877 2207 XVI.
915 2151 1096 2206 XVII!
1172 2150 1334 2216 Quod
1387 2154 1577 2206 tamen
1633 2152 1796 2206 aliter
1851 2151 2083 2206 excitari
2135 2150 2231 2204 vix

208 2225 438 2292 poterat
482 2221 596 2275 nisi
643 2222 832 2291 aliquo
878 2224 1071 2292 modo,
1109 2222 1350 2276 fortasse
1393 2223 1566 2291 plocii
1603 2227 1669 2277 ut
1705 2223 1860 2277 anuli
1904 2222 1965 2275 in
2012 2222 2231 2290 Hecyra

209 2293 440 2363 indicio,
479 2310 644 2347 verus
681 2293 945 2347 facinoris
984 2296 1180 2348 auctor
1214 2293 1470 2363 proditus
1509 2297 1669 2349 esset.
1721 2294 1803 2348 Eo
1832 2296 2021 2347 autem
2059 2292 2230 2346 semel

210 2369 432 2434 reperto
471 2364 660 2418 iudice
698 2382 832 2419 sane
870 2382 1009 2434 opus
1044 2382 1159 2418 non
1197 2367 1333 2434 erat,
1376 2363 1544 2419 immo
1584 2365 1840 2419 sublatae
1877 2363 2109 2433 nuptiae
2145 2380 2230 2416 re-

211 2436 625 2504 stituebantur,
680 2436 953 2490 Parmeno
1000 2452 1132 2490 vero
1188 2436 1260 2490 ob
1318 2434 1544 2490 assidua
1597 2436 1801 2491 merita
1851 2434 1996 2488 liber
2047 2434 2230 2489 factus

209 2511 295 2561 est
333 2508 521 2577 (ΧΙΧ).

1208 2640 1238 2697 1

209 2757 272 2823 Is
321 2739 580 2824 demum
627 2751 821 2822 miser
866 2762 989 2842 est,
1050 2758 1163 2842 qui
1207 2760 1577 2822 aerumnam
1621 2781 1802 2823 suam
1845 2758 2089 2823 nesciat
2135 2779 2233 2821 oc-

384 2875 389 2886 ‘
469 2847 505 2853 —
1486 2865 1768 2950 cultaref

210 2971 422 3036 Foris:
482 2969 579 3034 ita
638 2993 739 3034 me
800 2992 963 3035 uxor
1021 2971 1230 3035 forma
1288 2973 1353 3035 et
1411 2970 1598 3035 factis
1629 2972 1823 3056 facit,
1868 2970 1931 3036 si‘
1970 2975 2233 3055 taceam,
2277 3029 2281 3033 Α

1426 3091 1430 3095 ’
1491 3081 1706 3141 tamen
1749 3077 2085 3163 indicium,

215 3183 388 3261 Quae
433 3182 564 3246 m‘si
613 3181 828 3247 dotem
876 3183 1091 3247 omnia
1138 3185 1301 3267 quae
1353 3183 1522 3248 nolis
1575 3183 1795 3248 habet:
1861 3184 1979 3268 qus
2028 3184 2232 3268 sapiet

1489 3291 1563 3355 de
1609 3292 1711 3354 1110
1759 3290 1975 3375 discet,

216 3395 349 3473 Qus
399 3395 586 3480 quasi
647 3395 726 3458 ad
785 3394 992 3459 hostis
1050 3397 1274 3480 captus
1336 3397 1503 3461 liber
1560 3397 1770 3461 Seruio
1832 3397 2011 3460 salua
2070 3396 2230 3484 urbe

1373 3571 1376 3576 ,
1476 3507 1678 3600 ‘atque
1726 3523 1886 3566 arce.
1955 3579 1959 3583 ὁ
2232 3518 2333 3567 146
