2610 4007
502 207 507 212 .
555 160 652 215 EX
687 158 1017 215 INCERTIS
1054 157 1537 214 INCERTORVM
1572 156 1875 212 FABVLIS
2094 157 2216 222 151

208 325 309 390 est,
349 321 450 375 sed
486 320 555 375 cf.
585 320 927 375 Philemonis
964 320 1031 376 fr.
1063 325 1164 374 189
1204 320 1304 392 οὐχ
1332 318 1368 388 ἡ
1395 316 1554 382 πόλις
1590 335 1689 373 σου
1723 317 1975 388 τὸγένος
2003 316 2222 388 εὐγενὲς

201 401 370 462 ποιεῖ,
417 393 506 447 Σὺ
544 389 598 447 δ’
634 390 928 462 εὐγενίζεις
962 391 1066 461 τὴν
1100 389 1266 446 πόλιν
1301 390 1565 459 πράσσων
1601 393 1795 453 καλῶς.

344 500 532 553 locum
570 500 734 553 ornat
768 500 964 569 scripsi
1000 500 1163 552 ornat
1197 497 1386 552 locum
1420 497 1533 553 cod.

1050 648 1362 709 LXXVIII

200 748 333 816 Odi
372 750 675 835 puerulos
719 751 1064 835 praecoqui
1108 751 1442 835 sapientia.
2257 764 2327 813 95

342 870 616 940 Apuleius
663 872 808 941 apol.
849 889 895 927 c.
934 877 1001 927 85
1052 873 1162 925 ‘est
1204 870 1303 926 ille
1349 874 1552 941 poetae
1587 887 1780 925 uersus
1817 887 1931 925 non
1966 868 2218 939 ignotus:

197 941 344 996 odi’
388 959 433 996 e.
473 960 525 1011 q.
566 960 608 996 S.
687 943 807 997 ‘sed
855 942 1003 997 enim
1048 940 1272 997 malitia
1316 941 1620 1012 praecoqui
1706 958 1900 995 uerum
1945 940 2070 1010 quis
2107 957 2221 995 non

196 1015 492 1067 auersetur
511 1016 681 1082 atque
701 1014 884 1069 oderit
894 1016 941 1070 θ’
982 1013 1062 1070 cf.
1086 1013 1319 1088 Publilii
1340 1013 1464 1083 Syri
1492 1017 1632 1069 sent.
1679 1013 1780 1068 als.
1802 1018 1903 1066 265
1931 1030 1985 1081 p.
2010 1017 2110 1067 129
2128 1011 2218 1067 W.

1062 1163 1308 1223 LXXIX
1321 1156 1360 1199 *

197 1264 370 1342 Quid
416 1262 770 1339 tristiorem
815 1264 1004 1330 uideo
1053 1269 1116 1330 te
1163 1286 1296 1329 esse
1344 1287 1537 1350 quam
1583 1264 1909 1349 ammae,

193 1370 550 1456 Lampadio
566 1371 600 1436 *Ρ
643 1371 958 1455 numquid
1003 1371 1342 1446 familiaris
1385 1370 1566 1444 filius

193 1476 396 1543 Amat
440 1499 558 1542 nec
602 1499 748 1563 spes
793 1482 891 1548 est
935 1478 1136 1544 auxili
1182 1478 1575 1565 argentaria,

195 1581 480 1670 Ideoque
525 1583 822 1669 scapulae
867 1585 1166 1650 metuunt
1209 1583 1749 1673 uirgindemiam?

334 1695 558 1750 Nonius
598 1702 716 1766 187,
758 1702 824 1751 10
865 1696 1002 1751 ‘uir
1059 1696 1452 1766 indemiam‚
1490 1699 1555 1752 ut
1590 1695 1949 1764 uindemiam‚
1988 1696 2095 1751 hoc
2133 1699 2220 1752 est

195 1765 486 1839 uirgarum
523 1768 858 1837 adparatum
884 1768 978 1822 uel
1045 1768 1387 1839 emptionem
1413 1767 1507 1824 uel
1535 1767 1950 1838 decerptionem
1986 1769 2059 1822 ob
2095 1784 2219 1823 uer-

196 1836 344 1893 bera.
386 1837 602 1894 Varro
638 1838 1024 1909 Agathone:
1063 1839 1256 1908 quid’
1298 1856 1345 1896 e.
1376 1858 1428 1909 q.
1459 1858 1500 1895 e.
1560 1839 1670 1906 Sed
1703 1841 1894 1909 potest
1928 1839 2020 1902 vel
2038 1839 2217 1894 Varro

196 1908 263 1962 de
299 1908 597 1964 comoedia
631 1909 820 1974 locum
856 1913 1081 1974 saturae
1108 1910 1461 1977 inmiscuisse
1488 1911 1580 1965 vel
1608 1910 1728 1965 eius
1757 1910 2074 1981 exemplum
2104 1928 2218 1964 una

193 1995 318 2035 cum
354 1979 559 2036 comici
594 1984 798 2051 poetae
833 1981 1058 2050 nomine
1085 1981 1146 2037 in
1172 1981 1348 2045 Nonii
1375 1980 1535 2037 libris
1564 1981 1853 2038 excidisse.
1901 1982 2217 2037 Adsensum

193 2051 299 2105 tuli
334 2051 585 2108 Vahleni
621 2052 777 2109 Coni.
812 2071 867 2124 p.
898 2059 993 2123 13,
1029 2053 1360 2119 Buecheleri
1394 2072 1536 2117 mus.
1565 2054 1741 2111 Rhen.
1772 2059 1867 2123 14,
1893 2060 2027 2124 424,
2071 2054 2216 2109 Roe-

194 2123 312 2191 peri
347 2122 557 2179 Philol.
596 2123 751 2178 XVII
786 2129 873 2194 89,
909 2123 1088 2179 Riesii
1122 2125 1393 2180 Varronis
1434 2125 1555 2180 rell.
1593 2144 1647 2195 p.
1688 2131 1773 2194 97,
1811 2142 2047 2193 quorum
2082 2124 2214 2193 illis,

196 2193 515 2248 Vahlenum
551 2197 610 2248 et
643 2194 1048 2250 Buechelerum
1085 2195 1236 2265 dim,
1273 2195 1442 2266 prior,
1483 2196 1663 2251 altera
1699 2195 2021 2250 coniectura
2054 2212 2216 2264 prae-

195 2263 413 2332 placuit
448 2265 702 2335 Roepero
740 2269 798 2320 et
832 2266 1040 2322 Riesio.
1104 2266 1546 2337 Lampadionem
1583 2265 1931 2322 comoediam
1966 2266 2214 2320 Naevius

198 2335 444 2406 scripsit,
501 2353 669 2405 quem
711 2340 903 2392 tamen
946 2338 1148 2392 horum
1191 2354 1452 2392 versuum
1498 2341 1784 2393 auctorem
1836 2336 2010 2391 fuisse
2055 2355 2214 2390 num-

199 2422 365 2473 quam
405 2407 701 2463 adfirmavi
738 2408 828 2478 (cf.
866 2409 978 2464 Leo
1016 2408 1098 2464 Pl.
1138 2408 1196 2464 F.
1238 2414 1341 2478 19).

333 2511 363 2568 1.
406 2503 678 2569 antidhac
717 2505 913 2563 Carrio
949 2505 1111 2576 angit
1147 2505 1254 2560 hac
1289 2506 1456 2576 (hanc
1494 2507 1585 2577 H)
1622 2528 1665 2567 ω
1871 2503 1903 2564 2
1940 2506 2213 2574 numquid

202 2574 480 2639 Mero-ms
507 2575 774 2645 nemquid
801 2597 861 2646 ῳ,
889 2578 941 2633 h.
960 2594 1003 2632 c.
1023 2575 1295 2647 nimquid‚
1336 2579 1400 2637 dc
1427 2595 1537 2648 qua
1569 2579 1752 2647 forma
1786 2579 1912 2635 dixi
1945 2580 2010 2639 im
2042 2580 2210 2634 coroz-

199 2645 333 2702 temo
366 2649 446 2702 ad
481 2649 717 2719 trayicos
745 2665 803 2717 p.
833 2648 1112 2703 LXXVI
1227 2654 1259 2701 3
1296 2664 1401 2702 nee
1438 2648 1634 2706 Cam-io
1669 2649 1809 2704 haec
1846 2670 1890 2709 ω
2014 2666 2212 2720 argen-

203 2716 327 2770 tarii
365 2718 565 2774 Carrio
674 2724 709 2772 4
746 2717 1180 2790 uirgindemiam
1214 2720 1295 2775 ed.
1334 2738 1386 2774 α.
1428 2724 1564 2775 1476
1602 2719 2132 2791 uirgarumdemiam
2167 2741 2210 2775 ω

206 2963 380 3043 Qu6d
435 2969 580 3034 dedi
637 2970 856 3036 datum
910 2992 1041 3036 non
1092 2869 1361 3045 ἷθΧΙίἷιτ
1432 2971 1603 3055 qu6d
1657 2972 2028 3037 relicuomst
2080 2973 2209 3037 11611

1361 3078 1545 3144 dabo.
2212 3114 2314 3164 100

333 3178 566 3234 Plautus
605 3179 813 3262 Cistell.
852 3186 956 3235 506
997 3181 1166 3236 ‘inter
1200 3198 1409 3264 nouam
1444 3197 1563 3236 rem
1597 3182 1893 3264 uerbum·
1924 3184 2206 3266 usurpabo

205 3249 416 3304 uetus:
467 3249 629 3316 Quod
675 3252 826 3307 ded1’
868 3268 914 3307 e.
954 3270 1006 3321 q.
1047 3271 1089 3309 s.
1163 3252 1506 3322 Ambiguam
1552 3253 1719 3313 huius
1758 3253 1897 3308 dictl
1933 3270 2208 3324 originem

208 3329 315 3371 esse
364 3321 512 3376 sensi
568 3321 704 3376 olim
747 3322 808 3376 in
852 3326 1070 3391 quaest.
1109 3341 1255 3381 scen.
1281 3343 1348 3406 p.
1380 3330 1510 3380 353:
1567 3324 1800 3383 adiunxi
1855 3324 1990 3385 olim
2044 3324 2209 3393 quasi

206 3393 1082 3589 {ss‘ffigtiffussafissr'roffi
1120 3395 2208 3536 &23¹3ss⁶11⁶⁸s>‚qs¹2?1dnu⁰}22¹⁵313²3121⁹3i

261 3546 359 3584 ms
394 3550 516 3588 mee
573 3553 681 3590 um.
