2610 4007
272 1353 337 1401 75

374 183 461 248 22
1152 182 1262 238 CN.
1299 183 1619 238 NAEVIVS

1368 351 1400 409 I

376 453 551 530 Quae
597 474 717 539 ego
763 452 834 516 1'n
879 451 1130 517 theatro
1177 452 1282 518 hic
1328 452 1489 517 meis
1533 452 1806 537 probaui
1850 452 2184 538 plausibus
2193 505 2211 538 ,

375 560 474 625 Ea
517 561 650 625 n6n
694 552 922 624 audere
970 560 1356 643 quemquam
1400 581 1618 646 regem
1663 564 1985 644 rumpere:

374 665 630 745 Quanto
675 665 1039 731 libertatem
1084 664 1248 731 hano
1291 665 1399 730 hio
1443 671 1702 751 superat
1747 666 2051 731 seruitus!

515 794 799 852 Charisius
836 815 890 867 p.
921 802 1024 850 192
1052 796 1112 851 Ρ.
1155 795 1480 866 ‘quanti‚·
1506 813 1633 851 oum
1668 796 2078 867 interrogamus
2114 813 2218 851 nec
2256 796 2397 852 emi-

373 886 522 937 mus;
560 870 842 936 quante,
881 884 1008 921 cum
1045 870 1293 937 emptam
1328 883 1446 921 rem
1482 868 1817 935 quaerimus.
1878 868 2037 937 atqui
2074 867 2213 923 Cato
2245 910 2257 923 .
2280 913 2290 923 .
2316 912 2328 924 .
2359 885 2398 922 o

374 938 574 1007 quanti
609 938 707 992 ille
744 955 927 1008 agros,
956 937 1159 1007 inquit,
1197 937 1336 992 emit
1364 981 1377 993 .
1401 982 1412 992 .
1435 981 1447 994 .
1477 938 1729 994 Naeuius
1757 938 1818 993 in
1845 938 2182 995 Tarentilla:
2221 941 2393 1007 quae’

375 1026 420 1065 e.
452 1028 504 1078 q.
536 1027 578 1064 3.

517 1122 548 1170 3
587 1117 684 1171 An
717 1115 864 1170 hane
900 1116 1078 1172 haec?

1354 1231 1417 1290 Π

377 1330 585 1409 Quase
613 1332 682 1396 in
709 1331 904 1397 choro
932 1332 1159 1398 ludens
1188 1332 1459 1398 datatim
1487 1331 1597 1396 dat
1625 1354 1692 1396 se
1711 1336 1776 1397 et
1795 1335 2198 1398 communem
2217 1333 2396 1400 facit.

372 1436 527 1502 'Alii
574 1436 858 1524 adnutat,
904 1438 1015 1503 alii
1061 1439 1370 1525 adnictnt,
1416 1438 1617 1503 alium
1661 1442 1859 1525 amat,
1905 1438 2104 1504 alium
2149 1445 2344 1505 tenet.

277 1618 282 1632 Ι
320 1618 321 1621 ¹
372 1543 571 1609 'Alibi
614 1567 840 1610 manus
886 1549 983 1610 est
1029 1546 1363 1632 occupata,
1408 1545 1521 1610 alii
1564 1545 1860 1630 percellit
1903 1545 2158 1632 pedem,

371 1650 679 1716 'Anulum
724 1652 833 1716 dat
878 1652 991 1716 alii
1035 1652 1477 1737 spectandum,
1528 1653 1566 1716 ἁ
1609 1651 1810 1717 labris
1856 1652 2054 1718 alium
2100 1652 2393 1739 inuocat,

377 1755 538 1822 Cum
572 1757 702 1823 alio
739 1762 979 1843 cantat,
1014 1759 1084 1823 at
1120 1762 1337 1824 tamen
1373 1759 1483 1824 alii
1521 1759 1638 1823 su6
1667 1758 1777 1824 dat
1806 1759 2009 1846 digito
2036 1759 2304 1825 litteras.
2368 1787 2394 1827 5

516 1887 762 1942 Isidorus
797 1887 945 1958 Orig.
967 1888 1079 1942 125
1121 1888 1411 1943 ‘Ennius
1450 1890 1519 1943 de
1557 1889 1802 1958 quadam
1839 1890 2125 1960 impudica
2154 1891 2390 1972 [1—5].’1

374 1958 538 2014 Pauli
565 1958 763 2016 Festus
781 1978 834 2031 p.
858 1965 924 2015 29
945 1960 1018 2015 Μ.
1061 1959 1436 2030 ‘adniotat‚
1467 1976 1634 2032 saepe
1663 1964 1721 2017 et
1748 1961 1952 2017 leuiter
1979 1961 2140 2017 oculo
2170 1964 2386 2018 annuit.

376 2030 677 2092 Naeuius
714 2031 784 2085 in
819 2030 1210 2086 Tarentilla
1238 2033 1361 2104 [2].’
1423 2032 1742 2088 Thesaurus
1778 2050 1904 2088 nov.
1934 2035 2057 2089 Lat.
2087 2033 2148 2088 in
2175 2034 2239 2089 A.
2269 2033 2391 2089 Mai

377 2105 523 2157 auct.
571 2103 731 2158 01333.
761 2102 892 2157 VIII
920 2109 988 2157 54
1047 2102 1462 2173 ‘adniotare‚
1517 2107 1719 2159 nutum
1773 2121 1900 2159 oum
1954 2104 2131 2160 oeulis
2185 2104 2390 2160 facere.

374 2173 612 2227 Liuius
650 2175 772 2255 [2].’
837 2174 1054 2229 Ibidem
1082 2179 1185 2228 372
1235 2174 1612 2245 ‘componitur
1658 2174 2090 2230 adnictitare
2129 2175 2216 2227 ·i·
2266 2192 2396 2230 oum

375 2244 661 2315 palpebris
698 2260 952 2314 innuere,
1001 2244 1146 2300 siout
1190 2245 1428 2300 facimus
1466 2245 1816 2318 designando
1854 2246 2072 2315 aliquid
2109 2254 2236 2300 cum
2271 2246 2396 2328 pal-

375 2315 590 2386 pebriS‚
655 2317 802 2371 unde
849 2316 1136 2371 Plautus
1185 2316 1241 2387 [2
1272 2318 1308 2370 .’
1403 2316 1620 2372 Ibidem
1657 2323 1760 2372 376
1827 2319 1986 2372 ‘nuto
2043 2321 2398 2387 compomtur

378 2387 590 2442 adnuto
735 2388 884 2441 unde
930 2387 1219 2442 Plautus
1283 2388 1381 2459 2].’
1457 2387 1637 2443 Gloss.
1676 2388 1934 2458 Amplon.
1965 2394 2069 2444 254
2121 2389 2201 2443 ‘et
2246 2405 2398 2442 oom—

375 2457 605 2527 ponitur
641 2457 1032 2513 adnioitare
1068 2458 1104 2513 i.
1136 2474 1182 2514 e.
1220 2475 1348 2512 oum
1382 2459 1669 2529 palpebris
1706 2459 1936 2514 innuere
1968 2501 2014 2514 ..
2039 2503 2050 2515 .
2080 2458 2395 2515 Plautus:

377 2528 504 2582 alii
560 2529 861 2599 minitat,
916 2529 1045 2585 alii
1100 2529 1492 2585 adnieitat.’
1568 2530 1649 2586 Of.
1698 2529 1827 2585 CGl.
1857 2530 1907 2584 V
1935 2537 2006 2585 44
2065 2530 2395 2599 ‘adnictare‚

377 2599 619 2655 inuitare
675 2599 958 2655 arridere.’
1034 2600 1212 2655 Paulo
1267 2604 1497 2656 auctore
1543 2600 1822 2656 Naevium
1866 2618 1968 2671 pro
2014 2600 2195 2655 Ennio
2243 2602 2396 2672 apud

376 2671 652 2726 Isidorum
685 2671 876 2742 posuit
910 2671 1198 2727 Arevalus.
1271 2671 1493 2726 Similia
1529 2689 1871 2741 quamquam
1906 2688 1966 2727 re
2004 2671 2226 2726 diversa
2262 2675 2396 2727 sunt

374 2741 716 2813 Antiphanis
755 2742 883 2814 (inc.
921 2742 1036 2798 fab.
1073 2743 1138 2798 fr.
1160 2743 1264 2797 VII
1289 2743 1365 2799 M.
1396 2749 1500 2798 234
1528 2743 1617 2813 K.)
1654 2752 1902 2814 σφαῖραν
1939 2744 2124 2817 λαβὼν
2165 2747 2255 2798 Τῶ
2293 2742 2397 2813 μὲν

372 2815 571 2877 διδοὺς
617 2814 828 2885 ἔχαιρε,
877 2814 978 2869 τὸν
1028 2811 1083 2869 δ’
1127 2812 1321 2885 ἔφην’
1363 2813 1508 2885 ἅμα,
1564 2819 1679 2870 Τοῦ
1724 2812 1780 2868 δ’
1824 2812 2138 2883 ἐξέκρουσε,
2188 2798 2287 2868 vim
2334 2811 2391 2869 δ’

370 2884 676 3009 {vsovnosv
710 2884 883 2941 πάλιν
919 2889 1258 2956 Κλαγκταῖσι
1294 2894 1513 2955 φωναῖς
1548 2907 1596 2941 κ.
1625 2906 1671 2940 τ.
1703 2888 1746 2939 λ.
1808 2885 2067 2956 Inprimis
2106 2884 2175 2940 cf.
2204 2884 2397 2940 Plauti

430 2955 532 3010 sin.
567 2961 666 3009 775
687 2973 807 3024 sqq.

522 3068 548 3116 1
590 3078 764 3130 quase
808 3064 1004 3132 scripsi
1053 3079 1198 3131 quae
1238 3063 1403 3118 ‘alii’
1445 3064 1574 3119 libri
1608 3081 1700 3133 ap.
1738 3062 2038 3119 Arevalum
2072 3062 2236 3131 quasi
2271 3070 2400 3119 teste

368 3133 488 3189 Jos.
520 3133 747 3190 Kleim'o
784 3134 1048 3202 Wolfenb.
1079 3134 1307 3190 Monac.
1335 3134 1467 3190 Par.
1494 3139 1631 3189 7582
1741 3133 1800 3188 in
1837 3134 2005 3189 choro
2041 3134 2239 3203 scripsi
2272 3151 2398 3189 cum

377 3204 704 3261 Buechelero
749 3204 811 3259 in
856 3204 1025 3259 choro
1070 3204 1190 3275 pila
1234 3226 1278 3260 ω
1332 3204 1453 3275 pila
1497 3206 1563 3260 In
1610 3206 1778 3260 choro
1823 3205 2059 3261 Bothius
2170 3203 2397 3277 ludens]

372 3274 554 3345 ‘pilam
590 3276 859 3332 Dziatzko
893 3292 1029 3331 mus.
1068 3276 1243 3331 Rhen.
1282 3281 1368 3345 31,
1405 3281 1512 3330 378
1639 3292 1699 3331 se
1739 3276 1862 3332 Otto
1900 3293 2021 3331 sese
2058 3297 2101 3330 ω
2249 3282 2280 3329 2
2317 3278 2400 3332 sic

378 3347 554 3402 Pauli
591 3346 802 3417 Festus,
833 3348 1094 3417 probavit
1118 3347 1510 3403 Lachmamms
1545 3348 1609 3402 in
1636 3348 1805 3403 Lacr.
1834 3352 1954 3403 249.
2010 3346 2112 3402 alii
2154 3347 2401 3402 adnutat

373 3416 480 3471 alii
525 3417 821 3473 adnucitat
862 3417 1164 3489 (adnioitat
1200 3423 1265 3472 37
1274 3422 1325 3488 7)
1376 3417 1532 3472 aliud
1578 3420 1737 3473 tenet
1781 3418 1940 3472 aliud
1985 3421 2142 3473 amat
2184 3420 2402 3474 thesmu-

372 3506 474 3544 ‘ms
501 3494 605 3543 372
642 3496 692 3544 et
728 3494 849 3545 376.
916 3488 1016 3543 alii
1053 3489 1311 3544 adnictat
1347 3488 1522 3543 alium
1558 3492 1715 3544 tenet
1751 3488 1927 3543 alium
1964 3491 2120 3544 amat
2155 3490 2297 3544 idem
2327 3495 2400 3543 54

211 3591 251 3653 ²⁵.
276 3587 317 3654 :3
369 3560 554 3653 alium
590 3562 747 3642 tenet
783 3559 884 3614 alii
920 3560 1116 3631 (alium
1148 3560 1254 3616 ὃτι.
1275 3566 1310 3614 4
1339 3561 1625 3629 Wolfenb.)
1663 3560 1850 3616 innuit
1876 3560 2106 3630 (annuit
2121 3577 2399 3630 suprascr.
