2610 4007
696 200 756 255 L.
794 199 1214 254 POMPONIVS
1252 198 1740 253 BONONIENSIS
2099 201 2229 264 297

1104 398 1107 401 ’
1156 386 1276 444 VII

204 487 493 574 Tergum
537 488 792 551 uarium
839 539 1226 553 .......
1274 488 1565 573 linguam
1610 488 1859 551 uafram

348 627 569 681 Nonius
601 633 684 697 19,
716 633 780 680 31
817 629 876 680 ‘u
889 628 1107 681 afrum
1145 629 1232 681 est
1260 626 1533 681 callidum
1560 629 1619 681 et
1651 627 1815 695 quasi
1842 627 2011 682 ualde
2038 628 2238 682 Afrum

205 701 267 753 eb
302 699 622 753 urbanum?

349 808 575 875 tergum
603 804 837 874 uarium,
876 805 1131 874 linguam
1167 804 1388 865 uafram
1425 806 1769 859 continuavit
1794 807 2017 861 Nonius
2047 808 2239 861 mediis

206 884 274 931 ut
311 883 453 946 puto
490 879 724 946 omissis,
771 879 886 931 nisi
918 880 1058 944 forte
1094 878 1158 930 in
1192 894 1449 931 sonorum
1483 878 1845 932 similitudine
1881 878 2119 946 quadam
2156 879 2236 932 lu-

208 950 344 1003 dens
387 955 553 1017 poeta
596 936 852 1001 uafera'In
895 949 1172 1013 distraxit.
1247 947 1612 1016 linguamque
1659 947 1879 1001 uafram
1923 951 2239 1018 anapaestis

205 1021 483 1090 Berykius
529 1019 565 1074 l.
606 1022 798 1073 autem
833 1019 1054 1072 uafram
1089 1037 1130 1073 x

1143 1205 1293 1263 VIII

204 1304 369 1392 'Age
416 1306 608 1370 modo
657 1330 671 1370 ε
719 1307 840 1371 stic
886 1307 1078 1392 garri.
1160 1306 1596 1391 Particulones
1641 1306 1990 1390 producam
2035 1307 2177 1371 tibi.
2245 1323 2349 1383 140

351 1444 571 1499 Nonius
611 1451 694 1512 20,
734 1451 765 1499 5
809 1444 1309 1514 ‘particulones
1360 1445 1499 1499 dieti
1546 1448 1678 1498 sunt
1715 1446 2041 1514 coherede8‚
2089 1447 2240 1514 quod

204 1519 399 1586 partes
434 1515 764 1585 patrimonii
803 1517 1067 1570 sumant?

353 1657 521 1710 garro
551 1641 620 1694 Η
631 1642 673 1696 ¹:
712 1659 789 1695 an
824 1649 1024 1711 gerro?
1148 1643 1253 1709 sta,
1294 1640 1394 1695 cai
1432 1641 1742 1696 Palmerius
1860 1641 2240 1710 partiquQnes

205 1713 424 1782 produc
465 1712 690 1766 antibus
731 1712 822 1766 uel
856 1713 1166 1781 producam
1201 1712 1313 1766 tibi
1342 1714 1459 1781 (sic)
1499 1713 1687 1767 Vrbin.
1719 1718 1821 1766 307
1858 1711 2242 1783 parfficulones

194 1784 422 1853 ‘produc
463 1783 688 1837 antibus
728 1804 770 1852 φ
809 1783 1021 1852 produc
1057 1783 1441 1853 particulones
1480 1783 1708 1837 antibus
1744 1802 1785 1839 x

209 2070 385 2148 Qu6t
431 2070 712 2134 laetitias
756 2070 1114 2156 insperatas
1162 2070 1352 2134 m6do
1391 2072 1482 2135 mi
1529 2072 1849 2157 inrepsere
1895 2073 1965 2136 sn
2002 2074 2241 2137 sinum!

351 2209 571 2264 Nonius
611 2213 732 2277 500,
768 2215 836 2262 26
878 2209 1349 2263 ‘accusatiuus
1386 2228 1488 2279 pro
1525 2210 1917 2265 nominatiuo?

354 2336 496 2401 quot,
530 2335 740 2388 Junius
782 2334 933 2401 quod
971 2355 1039 2388 mr
1159 2333 1464 2403 inspiratas
1502 2336 1596 2388 Ba
1738 2335 1878 2387 mihi
1915 2357 1957 2389 ω
2102 2338 2242 2404 quot

208 2405 467 2458 laetitias
513 2404 829 2473 insperatas
875 2406 1043 2459 modo
1081 2404 1159 2456 mi
1206 2406 1464 2474 inrupere
1509 2405 1570 2458 in
1612 2404 1819 2475 sinum,
1870 2410 2062 2462 omisso
2098 2409 2243 2477 quod

202 2477 563 2545 praecesserit
615 2478 872 2544 subiecto,
924 2477 1258 2531 Ritschelius
1309 2494 1486 2545 opusc.
1535 2477 1611 2531 IV
1660 2482 1787 2544 1403
1844 2480 2243 2533 nominativum

200 2549 481 2616 pluralem
524 2547 781 2602 Oscorum
825 2564 970 2601 more
1006 2549 1248 2615 positum
1295 2549 1579 2602 censebant
1619 2549 1891 2619 Berykius
1936 2550 2000 2602 in
2044 2552 2239 2619 ephem.

209 2620 328 2673 suis
361 2624 496 2671 1851
529 2635 587 2686 p.
613 2623 676 2670 17
717 2619 805 2687 (cf.
836 2619 1056 2688 symbol.
1086 2619 1131 2671 I
1161 2624 1263 2672 100
1291 2621 1389 2688 sq.)
1429 2626 1478 2674 et
1505 2620 1822 2674 Huschkius
1858 2637 2091 2675 monum.
2123 2621 2238 2676 Osc.

210 2697 264 2744 et
298 2690 494 2744 Sabell.
527 2708 586 2759 p.
619 2694 746 2756 3123
794 2706 892 2743 nec
928 2691 1043 2758 ipse
1078 2690 1411 2744 Ritschelius
1444 2708 1565 2746 nov.
1605 2709 1811 2746 eaecwrs.
1847 2692 2034 2746 Plaut.
2064 2693 2107 2745 Ι
2140 2699 2239 2745 117

210 2767 541 2830 aspernatus
596 2767 671 2815 est
723 2767 959 2815 vetustas
1012 2763 1235 2828 formas.
1318 2762 1632 2816 Dialectum
1680 2763 1979 2817 reddidisse
2024 2771 2242 2832 poetam

208 2832 555 2887 Atellanium
588 2833 850 2900 opinatur
885 2832 1142 2901 Lindsay
1178 2834 1241 2885 in
1275 2835 1499 2902 yramm.
1543 2834 1635 2887 lat.
1676 2839 1777 2887 398
1791 2878 1804 2903 ,
1852 2851 2080 2902 quocum
2116 2852 2240 2888 con-

208 2905 398 2958 sentio.
461 2904 518 2957 A
555 2903 845 2957 transitivo
881 2903 1039 2957 verbo
1076 2902 1363 2972 inrepsere
1400 2906 1737 2959 accusativos
1765 2907 2000 2973 pendere
2036 2907 2245 2960 censuit

208 2976 337 3028 Bue
373 2975 503 3028 decl.
537 2975 631 3027 lat.
665 2979 747 3041 17,
796 2975 1039 3043 idemque
1073 2976 1389 3043 suspicatur
1425 2976 1643 3030 Pottius
1678 2978 1740 3029 in
1777 2978 1971 3044 ephem.
2007 2994 2240 3045 compar.

210 3047 344 3117 ling.
376 3046 576 3099 dicatis
611 3046 654 3098 Ι
683 3050 812 3112 3213
852 3062 959 3113 pro
1005 3047 1310 3100 soloecismo
1352 3047 1581 3101 habebat
1617 3048 1950 3118 Bernhardy
1984 3050 2107 3103 hist.
2139 3050 2240 3102 litt.

207 3118 368 3172 Rom..
401 3118 529 3171 adm.
562 3121 667 3168 334
705 3135 763 3185 p.
794 3122 900 3170 434

1197 3250 1253 3307 X

208 3352 356 3438 Ego
406 3349 621 3414 dedita
667 3372 861 3432 opera
907 3351 999 3433 te,
1044 3354 1253 3435 pater,
1299 3350 1509 3415 soliim
1555 3351 1726 3414 foras

211 3458 481 3543 Sedlixi,
525 3460 600 3520 uk
643 3477 724 3519 ne
773 3456 917 3539 quis
965 3457 1130 3520 esset
1176 3457 1360 3521 testis
1406 3456 1636 3520 tertius

205 3567 475 3631 Praeter
518 3586 664 3647 nOS,
709 3562 832 3626 tibi
880 3584 1026 3627 cum
1072 3563 1405 3628 tlinderem
1454 3562 1669 3626 labens
1715 3563 1959 3628 lubens,
