2610 4007
271 2927 340 2975 30

385 137 517 220 3'44
1034 155 1355 210 DEofflvs
1390 154 1746 209 LABERJVS

384 314 592 384 cupisti
633 314 858 384 eugium
895 315 1148 370 scindere
1186 337 1228 369 ω
1267 332 1341 368 an
1378 314 1753 384 concupiuisti
1789 332 1835 369 e.
1873 316 2135 371 Scindere
2168 319 2429 373 Bothius

513 387 807 442 Trochaeos
862 389 1133 441 ascendas
1189 404 1264 441 an
1319 386 1631 456 concupisti
1685 386 1914 456 etigium
1964 387 2427 461 <per>scindere

382 459 603 512 metitwr
637 457 706 512 A.
738 459 920 514 Brock
955 466 1178 529 quaestt.
1215 476 1439 529 yramm.
1479 459 1736 527 (Dorpat.
1769 463 1925 528 1897)
1953 477 2013 529 p.
2042 465 2143 513 152

1261 678 1526 738 GOLAX

382 797 624 885 Figura
668 799 950 863 humana
992 798 1195 863 nimio
1242 797 1467 863 ardore
1513 798 1881 883 ignescitur.

382 937 742 1078 figurff’ogilif
770 943 892 1062 ιζ81,
918 943 946 991 7
980 936 1397 1007 ‘ignescitur
1423 954 1523 1007 pro
1552 936 1810 1006 ignescit.
1874 936 2145 992 Laberius
2176 936 2419 993 Colace:

771 1115 1051 1168 humanae
1088 1115 1325 1169 Bothius
1457 1113 1630 1168 nimio
1669 1115 1867 1169 ardore
1905 1115 2142 1169 Bothius
2187 1114 2417 1169 inimici

382 1186 579 1240 ardore
614 1198 687 1255 ψ,
735 1194 918 1241 tuctwr
952 1186 1078 1240 Rue
1121 1184 1273 1239 nimo
1321 1185 1508 1239 nelore
1546 1186 1728 1240 Pazat.
1778 1184 1899 1238 uim'
1945 1185 2143 1239 ardore
2190 1190 2338 1242 com'.
2371 1204 2415 1241 x

381 1256 555 1310 animi
592 1258 834 1311 candore
870 1259 1079 1312 conicio

1151 1477 1627 1536 COLORATOR

522 1594 872 1649 Conomron:
919 1593 987 1648 cf.
1026 1593 1106 1647 IN
1147 1600 1286 1647 4260
1334 1591 1456 1647 CGl
1493 1593 1545 1646 II
1583 1598 1702 1662 103,
1742 1599 1806 1646 21
1847 1592 1937 1662 (cf.
1978 1596 2067 1664 27)
2107 1594 2199 1650 Gn:
2257 1594 2410 1649 colo-

378 1667 535 1719 rator
571 1666 880 1738 στιλβωτής.

983 1775 1198 1857 itaque
1243 1772 1374 1836 leni
1419 1795 1625 1856 pruna
1670 1775 1890 1837 coctus

383 1877 591 1943 Simul
635 1880 754 1944 sub
802 1880 1021 1944 dentes
1066 1879 1353 1943 mulieris
1399 1878 1574 1963 ueni,
1621 1878 1721 1942 bis
1767 1883 1866 1943 ter
1910 1881 2273 1945 memordit.

526 2018 739 2073 Gellius
776 2020 854 2073 Ἦ
891 2020 1033 2090 (VII)
1073 2026 1121 2087 9,
1159 2026 1193 2073 4
1243 2020 1364 2073 ‘sed
1403 2018 1463 2084 Q.
1502 2018 1716 2073 Ennius
1763 2018 1823 2072 in
1871 2019 2075 2074 saturis
2119 2036 2410 2074 memor-

381 2090 564 2144 derit
610 2090 755 2144 dixit
797 2107 898 2160 per
934 2108 964 2144 e
1001 2089 1274 2158 litteram,
1322 2108 1436 2144 non
1471 2090 1849 2145 momorderit.
1900 2135 1910 2145 .
1943 2134 1953 2146 .
1988 2132 2016 2145 .-
2041 2092 2185 2145 Item
2221 2092 2408 2146 Labe-

380 2161 495 2215 rius
543 2161 603 2215 in
642 2161 820 2216 Gallis
869 2205 880 2217 .
913 2206 923 2216 .
957 2206 968 2217 .
1016 2162 1158 2216 Item
1193 2161 1345 2215 idem
1380 2161 1651 2215 Laberius
1687 2161 1748 2214 in
1786 2161 2132 2218 Coloratore:
2182 2162 2406 2231 itaque’

380 2249 426 2287 e.
457 2252 509 2301 q.
541 2251 583 2288 s.

523 2347 550 2393 1
592 2342 782 2395 coctus
818 2342 1014 2409 scripsi
1056 2342 1349 2408 percoctus
1387 2359 1430 2391 ω
1477 2337 1640 2406 quasi
1675 2340 1965 2408 percoctus
2001 2341 2124 2394 Bae

1140 2575 1632 2637 GOMPITALIA

1370 2702 1400 2759 I

380 2854 392 2867 .
440 2807 610 2866 minc
656 2807 729 2866 tu
774 2802 1032 2887 lentu'S‚
1076 2806 1246 2867 nunc
1291 2806 1365 2866 tu
1411 2823 1647 2885 susque
1694 2801 1897 2885 deque
1941 2801 2094 2866 fers:

377 2909 586 2973 Mater
630 2909 908 2973 familias
953 2913 1065 2973 tua
1109 2909 1179 2974 1'n
1224 2911 1390 2974 lecto
1439 2910 1705 2973 aduerso
1752 2908 1953 2994 sedet,

379 3015 613 3081 Seruos
660 3017 970 3080 sextantis
1016 3015 1222 3079 utitur
1265 3015 1528 3080 nefariis

379 3123 628 3188 Verbis

520 3243 732 3299 Gellius
771 3243 901 3297 XVI
937 3248 986 3311 9,
1024 3250 1058 3297 4
1099 3241 1404 3311 ‘significat
1443 3245 1632 3295 autem
1669 3258 1916 3309 susque
1959 3240 2179 3309 deque
2218 3242 2402 3296 ferre

377 3316 565 3370 animo
614 3332 792 3384 aequo
840 3330 961 3368 esse
1009 3315 1067 3367 et
1113 3314 1263 3382 quod
1303 3312 1510 3367 accidit
1554 3330 1666 3366 non
1708 3312 1902 3382 magni
1946 3312 2187 3382 pendere
2228 3316 2402 3381 atque

375 3387 657 3442 interdum
702 3386 999 3455 neglegere
1046 3387 1104 3439 et
1154 3388 1506 3438 contemnere
1559 3386 1616 3437 et
1663 3384 2065 3453 propemodum
2114 3382 2175 3436 id
2224 3385 2401 3452 ualet,

376 3459 526 3526 quod
577 3457 784 3511 dicitur
831 3456 1041 3511 Graece
1097 3457 1449 3526 ἀδιαφορεῖν.
1533 3454 1803 3508 Laberius
1854 3454 1914 3507 in
1960 3453 2399 3523 Compitalibus:

376 3530 543 3581 nunc'
577 3545 622 3582 e.
654 3545 705 3596 q.
737 3546 777 3582 s.
