<?xml version="1.0" encoding="UTF-8"?>
<!DOCTYPE html PUBLIC "-//W3C//DTD XHTML 1.0 Transitional//EN"
    "http://www.w3.org/TR/xhtml1/DTD/xhtml1-transitional.dtd">
<html xmlns="http://www.w3.org/1999/xhtml" xml:lang="en" lang="en">
 <head>
  <title>
</title>
<meta http-equiv="Content-Type" content="text/html;charset=utf-8" />
  <meta name='ocr-system' content='tesseract 3.04.00' />
  <meta name='ocr-capabilities' content='ocr_page ocr_carea ocr_par ocr_line ocrx_word'/>
</head>
<body>
  <div class='ocr_page' id='page_1' title='image "./scaenicaeromano09ribbgoog_0363.png"; bbox 0 0 2610 4007; ppageno 0'>
   <div class='ocr_carea' id='block_1_1' title="bbox 869 176 2226 242">
    <p class='ocr_par' dir='ltr' id='par_1_1' title="bbox 869 176 2226 242">
     <span class='ocr_line' id='line_1_1' title="bbox 869 176 2226 242; baseline 0.008 -13"><span class='ocrx_word' id='word_1_1' title='bbox 869 176 1188 231; x_wconf 87' lang='lat' dir='ltr'>DECIMVS</span> <span class='ocrx_word' id='word_1_2' title='bbox 1224 176 1580 231; x_wconf 87' lang='lat' dir='ltr'>LABERIVS</span> <span class='ocrx_word' id='word_1_3' title='bbox 2101 177 2226 242; x_wconf 81' lang='lat'><strong>351</strong></span> 
     </span>
    </p>
   </div>
   <div class='ocr_carea' id='block_1_2' title="bbox 204 335 2229 620">
    <p class='ocr_par' dir='ltr' id='par_1_2' title="bbox 204 335 2229 620">
     <span class='ocr_line' id='line_1_2' title="bbox 204 335 2227 407; baseline 0.001 -18"><span class='ocrx_word' id='word_1_4' title='bbox 204 335 407 391; x_wconf 87' lang='lat' dir='ltr'><strong>natal</strong></span> <span class='ocrx_word' id='word_1_5' title='bbox 447 336 572 391; x_wconf 90' lang='lat' dir='ltr'><strong>Par.</strong></span> <span class='ocrx_word' id='word_1_6' title='bbox 605 335 650 401; x_wconf 84' lang='lat' dir='ltr'>Q</span> <span class='ocrx_word' id='word_1_7' title='bbox 690 336 830 390; x_wconf 86' lang='lat' dir='ltr'><strong>Dan.</strong></span> <span class='ocrx_word' id='word_1_8' title='bbox 859 336 1030 407; x_wconf 84' lang='lat' dir='ltr'><strong>Magl.</strong></span> <span class='ocrx_word' id='word_1_9' title='bbox 1059 336 1218 390; x_wconf 90' lang='lat' dir='ltr'><strong>Voss.</strong></span> <span class='ocrx_word' id='word_1_10' title='bbox 1251 336 1290 389; x_wconf 92' lang='lat' dir='ltr'><strong>Z</strong></span> <span class='ocrx_word' id='word_1_11' title='bbox 1337 355 1406 390; x_wconf 94' lang='lat' dir='ltr'><strong>m.</strong></span> <span class='ocrx_word' id='word_1_12' title='bbox 1439 343 1470 389; x_wconf 83' lang='lat'>2</span> <span class='ocrx_word' id='word_1_13' title='bbox 1514 339 1700 406; x_wconf 90' lang='lat' dir='ltr'><strong>(nata</strong></span> <span class='ocrx_word' id='word_1_14' title='bbox 1733 355 1805 391; x_wconf 89' lang='lat' dir='ltr'><strong>m.</strong></span> <span class='ocrx_word' id='word_1_15' title='bbox 1839 339 1890 405; x_wconf 92' lang='lat'><strong>1)</strong></span> <span class='ocrx_word' id='word_1_16' title='bbox 1937 339 2133 392; x_wconf 89' lang='lat' dir='ltr'><strong>nata.</strong></span> <span class='ocrx_word' id='word_1_17' title='bbox 2173 337 2227 391; x_wconf 92' lang='lat' dir='ltr'><strong>l.</strong></span> 
     </span>
     <span class='ocr_line' id='line_1_3' title="bbox 206 407 2229 463; baseline -0 -2"><span class='ocrx_word' id='word_1_18' title='bbox 206 408 368 462; x_wconf 90' lang='lat' dir='ltr'><strong>Voss.</strong></span> <span class='ocrx_word' id='word_1_19' title='bbox 400 408 449 460; x_wconf 92' lang='lat' dir='ltr'>X</span> <span class='ocrx_word' id='word_1_20' title='bbox 495 410 692 462; x_wconf 89' lang='lat' dir='ltr'><strong>nata.</strong></span> <span class='ocrx_word' id='word_1_21' title='bbox 730 408 808 462; x_wconf 93' lang='lat' dir='ltr'><strong>L.</strong></span> <span class='ocrx_word' id='word_1_22' title='bbox 846 408 1038 463; x_wconf 89' lang='lat' dir='ltr'><strong>Petav.</strong></span> <span class='ocrx_word' id='word_1_23' title='bbox 1083 407 1478 461; x_wconf 76' lang='lat' dir='ltr'><strong>Natalicius</strong></span> <span class='ocrx_word' id='word_1_24' title='bbox 1516 407 1909 462; x_wconf 87' lang='lat' dir='ltr'><strong>Fleckeisenus</strong></span> <span class='ocrx_word' id='word_1_25' title='bbox 1950 407 2229 463; x_wconf 90' lang='lat' dir='ltr'><strong>Natalis</strong></span> 
     </span>
     <span class='ocr_line' id='line_1_4' title="bbox 206 477 2225 549; baseline -0 -17"><span class='ocrx_word' id='word_1_26' title='bbox 206 479 300 533; x_wconf 83' lang='lat' dir='ltr'><strong>vel</strong></span> <span class='ocrx_word' id='word_1_27' title='bbox 336 479 557 533; x_wconf 86' lang='lat' dir='ltr'><strong>Natta</strong></span> <span class='ocrx_word' id='word_1_28' title='bbox 592 478 827 533; x_wconf 90' lang='lat' dir='ltr'><strong>Bothius</strong></span> <span class='ocrx_word' id='word_1_29' title='bbox 969 477 1340 549; x_wconf 72' lang='lat' dir='ltr'><strong>pittacium</strong></span> <span class='ocrx_word' id='word_1_30' title='bbox 1372 479 1508 533; x_wconf 89' lang='lat' dir='ltr'><strong>Re.</strong></span> <span class='ocrx_word' id='word_1_31' title='bbox 1569 496 1675 535; x_wconf 89' lang='lat' dir='ltr'><strong>om.</strong></span> <span class='ocrx_word' id='word_1_32' title='bbox 1703 478 1880 548; x_wconf 86' lang='lat' dir='ltr'><strong>Lugd.</strong></span> <span class='ocrx_word' id='word_1_33' title='bbox 1918 478 2225 549; x_wconf 90' lang='lat' dir='ltr'><strong>pittaciu</strong></span> 
     </span>
     <span class='ocr_line' id='line_1_5' title="bbox 207 548 1644 620; baseline 0.001 -18"><span class='ocrx_word' id='word_1_34' title='bbox 207 549 383 619; x_wconf 87' lang='lat' dir='ltr'><strong>Magl.</strong></span> <span class='ocrx_word' id='word_1_35' title='bbox 422 548 799 620; x_wconf 89' lang='lat' dir='ltr'><strong>pictacium</strong></span> <span class='ocrx_word' id='word_1_36' title='bbox 835 497 1416 618; x_wconf 70' lang='lat' dir='ltr'><strong>Petav.capitati1&#39;1</strong></span> <span class='ocrx_word' id='word_1_37' title='bbox 1500 549 1644 615; x_wconf 85' lang='lat' dir='ltr'><strong>ar.Q</strong></span> 
     </span>
    </p>
   </div>
   <div class='ocr_carea' id='block_1_3' title="bbox 294 753 1627 941">
    <p class='ocr_par' dir='ltr' id='par_1_3' title="bbox 315 753 1610 939">
     <span class='ocr_line' id='line_1_6' title="bbox 1190 753 1254 811; baseline 0 0"><span class='ocrx_word' id='word_1_38' title='bbox 1190 753 1254 811; x_wconf 88' lang='lat' dir='ltr'>H</span> 
     </span>
     <span class='ocr_line' id='line_1_7' title="bbox 294 852 1627 941; baseline -0.002 -21.968"><span class='ocrx_word' id='word_1_39' title='bbox 294 852 541 919; x_wconf 88' lang='lat' dir='ltr'><strong>&#39;Induis</strong></span> <span class='ocrx_word' id='word_1_40' title='bbox 590 855 924 941; x_wconf 82' lang='lat' dir='ltr'><strong>capitium,</strong></span> <span class='ocrx_word' id='word_1_41' title='bbox 974 855 1226 919; x_wconf 75' lang='lat' dir='ltr'><strong>tunicae</strong></span> <span class='ocrx_word' id='word_1_42' title='bbox 1270 854 1627 938; x_wconf 76' lang='lat' dir='ltr'><strong>pittacium.</strong></span> 
     </span>
    </p>
   </div>
   <div class='ocr_carea' id='block_1_4' title="bbox 210 992 2236 1136">
    <p class='ocr_par' dir='ltr' id='par_1_4' title="bbox 210 992 2236 1136">
     <span class='ocr_line' id='line_1_8' title="bbox 352 992 2236 1074; baseline 0.001 -27"><span class='ocrx_word' id='word_1_43' title='bbox 352 993 627 1063; x_wconf 85' lang='lat' dir='ltr'><strong>capitium</strong></span> <span class='ocrx_word' id='word_1_44' title='bbox 655 994 787 1048; x_wconf 78' lang='lat' dir='ltr'><strong>Pwr.</strong></span> <span class='ocrx_word' id='word_1_45' title='bbox 815 993 861 1063; x_wconf 98' lang='lat' dir='ltr'><em>Q</em></span> <span class='ocrx_word' id='word_1_46' title='bbox 886 1011 953 1047; x_wconf 86' lang='lat' dir='ltr'><strong>m.</strong></span> <span class='ocrx_word' id='word_1_47' title='bbox 977 999 1008 1045; x_wconf 85' lang='lat'>2</span> <span class='ocrx_word' id='word_1_48' title='bbox 1048 992 1241 1074; x_wconf 84' lang='lat' dir='ltr'><strong>captiu</strong></span> <span class='ocrx_word' id='word_1_49' title='bbox 1277 994 1423 1048; x_wconf 80' lang='lat' dir='ltr'><strong>Voss.</strong></span> <span class='ocrx_word' id='word_1_50' title='bbox 1446 994 1510 1047; x_wconf 92' lang='lat' dir='ltr'><strong><em>X</em></strong></span> <span class='ocrx_word' id='word_1_51' title='bbox 1541 992 1773 1062; x_wconf 87' lang='lat' dir='ltr'><strong>captiuu</strong></span> <span class='ocrx_word' id='word_1_52' title='bbox 1792 993 1921 1048; x_wconf 79' lang='lat' dir='ltr'><strong>Pwr.</strong></span> <span class='ocrx_word' id='word_1_53' title='bbox 1947 994 1993 1074; x_wconf 88' lang='lat' dir='ltr'><em>Q</em></span> <span class='ocrx_word' id='word_1_54' title='bbox 2021 994 2163 1049; x_wconf 77' lang='lat' dir='ltr'><strong>Voss,</strong></span> <span class='ocrx_word' id='word_1_55' title='bbox 2180 995 2236 1048; x_wconf 92' lang='lat' dir='ltr'><em>Z</em></span> 
     </span>
     <span class='ocr_line' id='line_1_9' title="bbox 210 1062 2228 1136; baseline -0 -16"><span class='ocrx_word' id='word_1_56' title='bbox 210 1065 346 1136; x_wconf 74' lang='lat' dir='ltr'><strong>Rey.</strong></span> <span class='ocrx_word' id='word_1_57' title='bbox 377 1065 557 1136; x_wconf 75' lang='lat' dir='ltr'><strong>Mayl.</strong></span> <span class='ocrx_word' id='word_1_58' title='bbox 597 1065 741 1120; x_wconf 78' lang='lat' dir='ltr'><strong>Voss.</strong></span> <span class='ocrx_word' id='word_1_59' title='bbox 771 1065 835 1118; x_wconf 93' lang='lat' dir='ltr'><strong><em>X</em></strong></span> <span class='ocrx_word' id='word_1_60' title='bbox 866 1082 934 1118; x_wconf 86' lang='lat' dir='ltr'><strong>m.</strong></span> <span class='ocrx_word' id='word_1_61' title='bbox 967 1070 998 1117; x_wconf 95' lang='grc'><strong>2</strong></span> <span class='ocrx_word' id='word_1_62' title='bbox 1125 1063 1312 1117; x_wconf 79' lang='lat' dir='ltr'><strong>induis</strong></span> <span class='ocrx_word' id='word_1_63' title='bbox 1351 1062 1634 1134; x_wconf 75' lang='lat' dir='ltr'><strong>Capitium</strong></span> <span class='ocrx_word' id='word_1_64' title='bbox 1670 1062 1895 1118; x_wconf 84' lang='lat' dir='ltr'><strong>tunicae</strong></span> <span class='ocrx_word' id='word_1_65' title='bbox 1930 1064 2228 1134; x_wconf 88' lang='lat' dir='ltr'><strong>pittacium</strong></span> 
     </span>
    </p>
   </div>
   <div class='ocr_carea' id='block_1_5' title="bbox 207 1135 2229 1262">
    <p class='ocr_par' dir='ltr' id='par_1_5' title="bbox 207 1135 2229 1262">
     <span class='ocr_line' id='line_1_10' title="bbox 207 1135 2229 1262; baseline 0 -71"><span class='ocrx_word' id='word_1_66' title='bbox 207 1138 491 1262; x_wconf 53' lang='lat' dir='ltr'><strong>mitit</strong></span> <span class='ocrx_word' id='word_1_67' title='bbox 556 1135 962 1191; x_wconf 76' lang='lat' dir='ltr'><strong>Fleckeiseuus:</strong></span> <span class='ocrx_word' id='word_1_68' title='bbox 1029 1136 1165 1189; x_wconf 81' lang='lat' dir='ltr'><strong>mihi</strong></span> <span class='ocrx_word' id='word_1_69' title='bbox 1226 1142 1530 1191; x_wconf 74' lang='lat' dir='ltr'><strong>tetrameter</strong></span> <span class='ocrx_word' id='word_1_70' title='bbox 1592 1136 1819 1191; x_wconf 79' lang='lat' dir='ltr'><strong>creticus</strong></span> <span class='ocrx_word' id='word_1_71' title='bbox 1880 1138 2229 1192; x_wconf 77' lang='lat' dir='ltr'><strong>catalecticus</strong></span> 
     </span>
    </p>
   </div>
   <div class='ocr_carea' id='block_1_6' title="bbox 923 1390 1513 1455">
    <p class='ocr_par' dir='ltr' id='par_1_6' title="bbox 923 1390 1513 1455">
     <span class='ocr_line' id='line_1_11' title="bbox 923 1390 1513 1455; baseline 0.003 -5"><span class='ocrx_word' id='word_1_72' title='bbox 923 1391 1033 1450; x_wconf 84' lang='lat' dir='ltr'><strong>NE</strong></span> <span class='ocrx_word' id='word_1_73' title='bbox 1040 1390 1513 1455; x_wconf 81' lang='lat' dir='ltr'><strong>OYOMANTIA</strong></span> 
     </span>
    </p>
   </div>
   <div class='ocr_carea' id='block_1_7' title="bbox 210 1506 2227 1648">
    <p class='ocr_par' dir='ltr' id='par_1_7' title="bbox 210 1506 2227 1648">
     <span class='ocr_line' id='line_1_12' title="bbox 352 1506 2227 1575; baseline 0.001 -15"><span class='ocrx_word' id='word_1_74' title='bbox 352 1507 589 1575; x_wconf 87' lang='lat' dir='ltr'><strong>Propter</strong></span> <span class='ocrx_word' id='word_1_75' title='bbox 631 1506 696 1562; x_wconf 85' lang='lat' dir='ltr'><strong>fr.</strong></span> <span class='ocrx_word' id='word_1_76' title='bbox 725 1507 779 1566; x_wconf 83' lang='grc' dir='ltr'><strong>ΙΙ</strong></span> <span class='ocrx_word' id='word_1_77' title='bbox 821 1524 934 1561; x_wconf 90' lang='grc'><strong>11011</strong></span> <span class='ocrx_word' id='word_1_78' title='bbox 980 1509 1112 1566; x_wconf 88' lang='lat' dir='ltr'><strong>ante</strong></span> <span class='ocrx_word' id='word_1_79' title='bbox 1159 1524 1369 1560; x_wconf 89' lang='lat' dir='ltr'><strong>annum</strong></span> <span class='ocrx_word' id='word_1_80' title='bbox 1412 1513 1513 1561; x_wconf 84' lang='grc'><strong>710</strong></span> <span class='ocrx_word' id='word_1_81' title='bbox 1560 1509 1747 1562; x_wconf 88' lang='lat' dir='ltr'><strong>actam</strong></span> <span class='ocrx_word' id='word_1_82' title='bbox 1790 1506 1963 1562; x_wconf 83' lang='lat' dir='ltr'><strong>fuisse</strong></span> <span class='ocrx_word' id='word_1_83' title='bbox 2007 1506 2227 1562; x_wconf 90' lang='lat' dir='ltr'><strong>monuit</strong></span> 
     </span>
     <span class='ocr_line' id='line_1_13' title="bbox 210 1577 2227 1648; baseline 0 -17"><span class='ocrx_word' id='word_1_84' title='bbox 210 1577 606 1632; x_wconf 89' lang='lat' dir='ltr'><strong>Fleckeisenus</strong></span> <span class='ocrx_word' id='word_1_85' title='bbox 652 1578 815 1647; x_wconf 84' lang='lat' dir='ltr'><strong>epist.</strong></span> <span class='ocrx_word' id='word_1_86' title='bbox 864 1579 937 1631; x_wconf 90' lang='lat' dir='ltr'><strong>ad</strong></span> <span class='ocrx_word' id='word_1_87' title='bbox 982 1577 1269 1632; x_wconf 87' lang='lat' dir='ltr'><strong>Hertzium</strong></span> <span class='ocrx_word' id='word_1_88' title='bbox 1322 1597 1376 1648; x_wconf 89' lang='lat' dir='ltr'><strong>p.</strong></span> <span class='ocrx_word' id='word_1_89' title='bbox 1415 1584 1498 1633; x_wconf 87' lang='lat'><strong>39.</strong></span> <span class='ocrx_word' id='word_1_90' title='bbox 1580 1578 2028 1633; x_wconf 84' lang='lat' dir='ltr'><strong>Inlustraverunt</strong></span> <span class='ocrx_word' id='word_1_91' title='bbox 2075 1578 2227 1632; x_wconf 89' lang='lat' dir='ltr'><strong>idem</strong></span> 
     </span>
    </p>
   </div>
   <div class='ocr_carea' id='block_1_8' title="bbox 115 1648 2141 1720">
    <p class='ocr_par' dir='ltr' id='par_1_8' title="bbox 115 1648 2141 1720">
     <span class='ocr_line' id='line_1_14' title="bbox 115 1648 2141 1720; baseline 0 -17"><span class='ocrx_word' id='word_1_92' title='bbox 115 1699 125 1708; x_wconf 84' lang='grc'><strong>,</strong></span> <span class='ocrx_word' id='word_1_93' title='bbox 205 1649 585 1703; x_wconf 85' lang='grc' dir='ltr'><strong>Μο1111118011118</strong></span> <span class='ocrx_word' id='word_1_94' title='bbox 621 1648 751 1704; x_wconf 89' lang='lat' dir='ltr'><strong>hist.</strong></span> <span class='ocrx_word' id='word_1_95' title='bbox 782 1650 939 1704; x_wconf 87' lang='lat' dir='ltr'><strong>Rom.</strong></span> <span class='ocrx_word' id='word_1_96' title='bbox 968 1649 1073 1702; x_wconf 85' lang='lat'>111⁸</span> <span class='ocrx_word' id='word_1_97' title='bbox 1105 1655 1206 1703; x_wconf 85' lang='lat'><strong>591</strong></span> <span class='ocrx_word' id='word_1_98' title='bbox 1247 1652 1304 1704; x_wconf 91' lang='lat' dir='ltr'><strong>et</strong></span> <span class='ocrx_word' id='word_1_99' title='bbox 1340 1649 1613 1720; x_wconf 84' lang='lat' dir='ltr'><strong>Bergkius</strong></span> <span class='ocrx_word' id='word_1_100' title='bbox 1651 1666 1837 1718; x_wconf 90' lang='lat' dir='ltr'><strong>opusc.</strong></span> <span class='ocrx_word' id='word_1_101' title='bbox 1868 1650 1893 1703; x_wconf 94' lang='lat' dir='ltr'>I</span> <span class='ocrx_word' id='word_1_102' title='bbox 1927 1655 2033 1704; x_wconf 82' lang='lat'><strong>408</strong></span> <span class='ocrx_word' id='word_1_103' title='bbox 2062 1667 2141 1717; x_wconf 89' lang='lat' dir='ltr'><strong>sq.</strong></span> 
     </span>
    </p>
   </div>
   <div class='ocr_carea' id='block_1_9' title="bbox 206 1853 1742 2039">
    <p class='ocr_par' dir='ltr' id='par_1_9' title="bbox 206 1853 1742 2039">
     <span class='ocr_line' id='line_1_15' title="bbox 1201 1853 1233 1911; baseline 0 0"><span class='ocrx_word' id='word_1_104' title='bbox 1201 1853 1233 1911; x_wconf 96' lang='lat' dir='ltr'>I</span> 
     </span>
     <span class='ocr_line' id='line_1_16' title="bbox 206 1952 1742 2039; baseline 0.001 -22"><span class='ocrx_word' id='word_1_105' title='bbox 206 1952 382 2018; x_wconf 94' lang='lat' dir='ltr'><strong>Dum</strong></span> <span class='ocrx_word' id='word_1_106' title='bbox 431 1952 671 2017; x_wconf 75' lang='lat' dir='ltr'><strong>diutius</strong></span> <span class='ocrx_word' id='word_1_107' title='bbox 718 1953 1047 2039; x_wconf 71' lang='lat' dir='ltr'><strong>retinetur,</strong></span> <span class='ocrx_word' id='word_1_108' title='bbox 1091 1953 1297 2018; x_wconf 85' lang='lat' dir='ltr'><strong>nostri</strong></span> <span class='ocrx_word' id='word_1_109' title='bbox 1344 1953 1585 2018; x_wconf 73' lang='lat' dir='ltr'><strong>oblitus</strong></span> <span class='ocrx_word' id='word_1_110' title='bbox 1631 1957 1742 2020; x_wconf 88' lang='lat' dir='ltr'><strong>est.</strong></span> 
     </span>
    </p>
   </div>
   <div class='ocr_carea' id='block_1_10' title="bbox 208 2074 2225 2288">
    <p class='ocr_par' dir='ltr' id='par_1_10' title="bbox 208 2074 2225 2288">
     <span class='ocr_line' id='line_1_17' title="bbox 353 2074 2224 2144; baseline -0.001 -15"><span class='ocrx_word' id='word_1_111' title='bbox 353 2074 571 2129; x_wconf 83' lang='lat' dir='ltr'><strong>Gellius</strong></span> <span class='ocrx_word' id='word_1_112' title='bbox 608 2075 709 2128; x_wconf 91' lang='lat' dir='ltr'><strong>XX</strong></span> <span class='ocrx_word' id='word_1_113' title='bbox 747 2082 795 2143; x_wconf 83' lang='lat'><strong>6,</strong></span> <span class='ocrx_word' id='word_1_114' title='bbox 826 2083 857 2131; x_wconf 89' lang='grc'><strong>6</strong></span> <span class='ocrx_word' id='word_1_115' title='bbox 900 2077 1034 2129; x_wconf 93' lang='grc'><strong>(11011</strong></span> <span class='ocrx_word' id='word_1_116' title='bbox 1068 2075 1262 2144; x_wconf 90' lang='lat' dir='ltr'><strong>paucis</strong></span> <span class='ocrx_word' id='word_1_117' title='bbox 1298 2075 1360 2129; x_wconf 93' lang='lat' dir='ltr'><strong>in</strong></span> <span class='ocrx_word' id='word_1_118' title='bbox 1396 2076 1534 2130; x_wconf 92' lang='lat' dir='ltr'><strong>locis</strong></span> <span class='ocrx_word' id='word_1_119' title='bbox 1574 2075 1796 2130; x_wconf 90' lang='lat' dir='ltr'><strong>nostri</strong></span> <span class='ocrx_word' id='word_1_120' title='bbox 1844 2078 2013 2144; x_wconf 84' lang='lat' dir='ltr'><strong>atque</strong></span> <span class='ocrx_word' id='word_1_121' title='bbox 2050 2074 2224 2129; x_wconf 89' lang='lat' dir='ltr'><strong>uestri</strong></span> 
     </span>
     <span class='ocr_line' id='line_1_18' title="bbox 212 2144 2225 2214; baseline 0 -16"><span class='ocrx_word' id='word_1_122' title='bbox 212 2144 451 2213; x_wconf 80' lang='lat' dir='ltr'><strong>dictum,</strong></span> <span class='ocrx_word' id='word_1_123' title='bbox 505 2162 618 2199; x_wconf 92' lang='lat' dir='ltr'><strong>non</strong></span> <span class='ocrx_word' id='word_1_124' title='bbox 662 2149 917 2200; x_wconf 90' lang='lat' dir='ltr'><strong>nostrum</strong></span> <span class='ocrx_word' id='word_1_125' title='bbox 963 2148 1063 2201; x_wconf 91' lang='lat' dir='ltr'><strong>aut</strong></span> <span class='ocrx_word' id='word_1_126' title='bbox 1107 2149 1371 2201; x_wconf 86' lang='lat' dir='ltr'><strong>uestrum.</strong></span> <span class='ocrx_word' id='word_1_127' title='bbox 1422 2191 1432 2201; x_wconf 93' lang='lat'><strong><em>.</em></strong></span> <span class='ocrx_word' id='word_1_128' title='bbox 1474 2191 1484 2202; x_wconf 89' lang='lat'><strong>.</strong></span> <span class='ocrx_word' id='word_1_129' title='bbox 1527 2191 1538 2203; x_wconf 90' lang='lat'><strong>.</strong></span> <span class='ocrx_word' id='word_1_130' title='bbox 1587 2147 1853 2201; x_wconf 89' lang='lat' dir='ltr'><strong>Labe-rius</strong></span> <span class='ocrx_word' id='word_1_131' title='bbox 1904 2146 1963 2199; x_wconf 90' lang='lat' dir='ltr'><strong>in</strong></span> <span class='ocrx_word' id='word_1_132' title='bbox 2008 2146 2225 2214; x_wconf 83' lang='lat' dir='ltr'><strong>Necyo-</strong></span> 
     </span>
     <span class='ocr_line' id='line_1_19' title="bbox 208 2216 1909 2288; baseline 0.001 -18"><span class='ocrx_word' id='word_1_133' title='bbox 208 2216 451 2272; x_wconf 85' lang='lat' dir='ltr'><strong>mantia:</strong></span> <span class='ocrx_word' id='word_1_134' title='bbox 491 2217 645 2270; x_wconf 89' lang='lat' dir='ltr'><strong>dum’</strong></span> <span class='ocrx_word' id='word_1_135' title='bbox 679 2234 723 2272; x_wconf 90' lang='lat' dir='ltr'><strong>e.</strong></span> <span class='ocrx_word' id='word_1_136' title='bbox 755 2236 806 2286; x_wconf 89' lang='lat' dir='ltr'><strong>q.</strong></span> <span class='ocrx_word' id='word_1_137' title='bbox 838 2236 880 2273; x_wconf 90' lang='grc'><strong>8.</strong></span> <span class='ocrx_word' id='word_1_138' title='bbox 920 2217 1412 2288; x_wconf 90' lang='lat' dir='ltr'><strong>(necromantia</strong></span> <span class='ocrx_word' id='word_1_139' title='bbox 1449 2218 1620 2288; x_wconf 84' lang='lat' dir='ltr'><strong>Magl.</strong></span> <span class='ocrx_word' id='word_1_140' title='bbox 1656 2220 1909 2286; x_wconf 88' lang='lat' dir='ltr'><strong>recentt.)</strong></span> 
     </span>
    </p>
   </div>
   <div class='ocr_carea' id='block_1_11' title="bbox 358 2322 1017 2394">
    <p class='ocr_par' dir='ltr' id='par_1_11' title="bbox 358 2322 1017 2394">
     <span class='ocr_line' id='line_1_20' title="bbox 358 2322 1017 2394; baseline 0.003 -18"><span class='ocrx_word' id='word_1_141' title='bbox 358 2322 642 2377; x_wconf 89' lang='lat' dir='ltr'><strong>detinetur</strong></span> <span class='ocrx_word' id='word_1_142' title='bbox 677 2323 855 2394; x_wconf 76' lang='lat' dir='ltr'><strong>Mayl.</strong></span> <span class='ocrx_word' id='word_1_143' title='bbox 886 2324 1017 2394; x_wconf 76' lang='lat' dir='ltr'><strong>Rey.</strong></span> 
     </span>
    </p>
   </div>
   <div class='ocr_carea' id='block_1_12' title="bbox 1193 2473 1255 2533">
    <p class='ocr_par' dir='ltr' id='par_1_12' title="bbox 1193 2473 1255 2533">
     <span class='ocr_line' id='line_1_21' title="bbox 1193 2473 1255 2533; baseline 0 0"><span class='ocrx_word' id='word_1_144' title='bbox 1193 2473 1255 2533; x_wconf 89' lang='lat' dir='ltr'>H</span> 
     </span>
    </p>
   </div>
   <div class='ocr_carea' id='block_1_13' title="bbox 210 2572 2227 2745">
    <p class='ocr_par' dir='ltr' id='par_1_13' title="bbox 210 2572 2227 2745">
     <span class='ocr_line' id='line_1_22' title="bbox 210 2572 2227 2661; baseline 0.001 -25"><span class='ocrx_word' id='word_1_145' title='bbox 210 2572 390 2638; x_wconf 70' lang='lat' dir='ltr'><strong>Duas</strong></span> <span class='ocrx_word' id='word_1_146' title='bbox 427 2575 702 2639; x_wconf 78' lang='lat' dir='ltr'><strong>uxores?</strong></span> <span class='ocrx_word' id='word_1_147' title='bbox 755 2574 968 2639; x_wconf 74' lang='lat' dir='ltr'><strong>hercle</strong></span> <span class='ocrx_word' id='word_1_148' title='bbox 1004 2574 1128 2638; x_wconf 86' lang='lat' dir='ltr'><strong>hoo</strong></span> <span class='ocrx_word' id='word_1_149' title='bbox 1163 2575 1310 2659; x_wconf 90' lang='lat' dir='ltr'><strong>plus</strong></span> <span class='ocrx_word' id='word_1_150' title='bbox 1345 2574 1567 2661; x_wconf 78' lang='lat' dir='ltr'><strong>negoti</strong></span> <span class='ocrx_word' id='word_1_151' title='bbox 1605 2578 1730 2661; x_wconf 87' lang='lat' dir='ltr'><strong>est,</strong></span> <span class='ocrx_word' id='word_1_152' title='bbox 1774 2574 1985 2660; x_wconf 91' lang='lat' dir='ltr'><strong>inquit</strong></span> <span class='ocrx_word' id='word_1_153' title='bbox 2023 2576 2227 2639; x_wconf 78' lang='lat' dir='ltr'><strong>cocio:</strong></span> 
     </span>
     <span class='ocr_line' id='line_1_23' title="bbox 216 2679 917 2745; baseline 0.003 -2"><span class='ocrx_word' id='word_1_154' title='bbox 216 2679 342 2744; x_wconf 72' lang='lat' dir='ltr'><strong>Sex</strong></span> <span class='ocrx_word' id='word_1_155' title='bbox 381 2680 615 2744; x_wconf 87' lang='lat' dir='ltr'><strong>aediles</strong></span> <span class='ocrx_word' id='word_1_156' title='bbox 651 2680 917 2745; x_wconf 77' lang='lat' dir='ltr'><strong>uiderat.</strong></span> 
     </span>
    </p>
   </div>
   <div class='ocr_carea' id='block_1_14' title="bbox 211 2799 2227 3015">
    <p class='ocr_par' dir='ltr' id='par_1_14' title="bbox 211 2799 2227 3015">
     <span class='ocr_line' id='line_1_24' title="bbox 355 2799 2225 2873; baseline 0.001 -20"><span class='ocrx_word' id='word_1_157' title='bbox 355 2799 569 2855; x_wconf 85' lang='lat' dir='ltr'><strong>Gellius</strong></span> <span class='ocrx_word' id='word_1_158' title='bbox 607 2802 734 2856; x_wconf 92' lang='lat' dir='ltr'><strong>XVI</strong></span> <span class='ocrx_word' id='word_1_159' title='bbox 773 2809 918 2871; x_wconf 83' lang='grc'><strong>’1,12</strong></span> <span class='ocrx_word' id='word_1_160' title='bbox 961 2803 1129 2857; x_wconf 87' lang='lat' dir='ltr'><strong>‘item</strong></span> <span class='ocrx_word' id='word_1_161' title='bbox 1172 2802 1233 2856; x_wconf 92' lang='lat' dir='ltr'><strong>in</strong></span> <span class='ocrx_word' id='word_1_162' title='bbox 1267 2803 1425 2872; x_wconf 81' lang='lat' dir='ltr'><strong>Necy</strong></span> <span class='ocrx_word' id='word_1_163' title='bbox 1427 2802 1678 2857; x_wconf 77' lang='lat' dir='ltr'><strong>ornantia</strong></span> <span class='ocrx_word' id='word_1_164' title='bbox 1725 2803 2065 2857; x_wconf 88' lang='lat' dir='ltr'><strong>cotionem</strong></span> <span class='ocrx_word' id='word_1_165' title='bbox 2103 2819 2225 2873; x_wconf 85' lang='lat' dir='ltr'><strong>per-</strong></span> 
     </span>
     <span class='ocr_line' id='line_1_25' title="bbox 211 2871 2227 2941; baseline 0.001 -17"><span class='ocrx_word' id='word_1_166' title='bbox 211 2871 446 2941; x_wconf 87' lang='lat' dir='ltr'><strong>uulgate</strong></span> <span class='ocrx_word' id='word_1_167' title='bbox 475 2872 630 2939; x_wconf 81' lang='lat' dir='ltr'><strong>dicit,</strong></span> <span class='ocrx_word' id='word_1_168' title='bbox 668 2890 833 2941; x_wconf 93' lang='lat' dir='ltr'><strong>quem</strong></span> <span class='ocrx_word' id='word_1_169' title='bbox 861 2876 1078 2928; x_wconf 89' lang='lat' dir='ltr'><strong>ueteres</strong></span> <span class='ocrx_word' id='word_1_170' title='bbox 1108 2874 1452 2928; x_wconf 85' lang='lat' dir='ltr'><strong>arillatorem</strong></span> <span class='ocrx_word' id='word_1_171' title='bbox 1481 2874 1755 2930; x_wconf 85' lang='lat' dir='ltr'><strong>dixerunt</strong></span> <span class='ocrx_word' id='word_1_172' title='bbox 1810 2873 1999 2928; x_wconf 88' lang='lat' dir='ltr'><strong>Verba</strong></span> <span class='ocrx_word' id='word_1_173' title='bbox 2023 2873 2227 2928; x_wconf 87' lang='lat' dir='ltr'><strong>Laberi</strong></span> 
     </span>
     <span class='ocr_line' id='line_1_26' title="bbox 211 2942 1741 3015; baseline 0.001 -20"><span class='ocrx_word' id='word_1_174' title='bbox 211 2942 353 2996; x_wconf 89' lang='lat' dir='ltr'><strong>haec</strong></span> <span class='ocrx_word' id='word_1_175' title='bbox 391 2946 546 3000; x_wconf 88' lang='lat' dir='ltr'><strong>sunt:</strong></span> <span class='ocrx_word' id='word_1_176' title='bbox 588 2944 747 2998; x_wconf 89' lang='lat' dir='ltr'><strong>duas’</strong></span> <span class='ocrx_word' id='word_1_177' title='bbox 781 2961 827 2999; x_wconf 89' lang='grc'><strong>0.</strong></span> <span class='ocrx_word' id='word_1_178' title='bbox 857 2964 909 3014; x_wconf 89' lang='lat' dir='ltr'><strong>q.</strong></span> <span class='ocrx_word' id='word_1_179' title='bbox 940 2964 981 3000; x_wconf 89' lang='lat' dir='ltr'><strong>s.</strong></span> <span class='ocrx_word' id='word_1_180' title='bbox 1021 2945 1511 3015; x_wconf 86' lang='lat' dir='ltr'><strong>(necromantia</strong></span> <span class='ocrx_word' id='word_1_181' title='bbox 1547 2944 1741 3015; x_wconf 84' lang='lat' dir='ltr'><strong>Magl)</strong></span> 
     </span>
    </p>
   </div>
   <div class='ocr_carea' id='block_1_15' title="bbox 210 3050 2232 3478">
    <p class='ocr_par' dir='ltr' id='par_1_15' title="bbox 210 3050 2230 3478">
     <span class='ocr_line' id='line_1_27' title="bbox 357 3050 2227 3123; baseline 0.003 -20"><span class='ocrx_word' id='word_1_182' title='bbox 357 3056 385 3103; x_wconf 91' lang='lat'><strong>1</strong></span> <span class='ocrx_word' id='word_1_183' title='bbox 409 3050 593 3105; x_wconf 90' lang='lat' dir='ltr'><strong>hercle</strong></span> <span class='ocrx_word' id='word_1_184' title='bbox 612 3050 719 3105; x_wconf 85' lang='lat' dir='ltr'><strong>hoc</strong></span> <span class='ocrx_word' id='word_1_185' title='bbox 738 3053 974 3107; x_wconf 80' lang='lat' dir='ltr'><strong>Bothius</strong></span> <span class='ocrx_word' id='word_1_186' title='bbox 1000 3051 1106 3106; x_wconf 88' lang='lat' dir='ltr'><strong>hoc</strong></span> <span class='ocrx_word' id='word_1_187' title='bbox 1125 3051 1314 3106; x_wconf 88' lang='lat' dir='ltr'><strong>hercle</strong></span> <span class='ocrx_word' id='word_1_188' title='bbox 1333 3054 1393 3123; x_wconf 87' lang='lat'><strong>(8.</strong></span> <span class='ocrx_word' id='word_1_189' title='bbox 1410 3051 1656 3122; x_wconf 88' lang='lat' dir='ltr'><strong>hercule)</strong></span> <span class='ocrx_word' id='word_1_190' title='bbox 1676 3073 1719 3107; x_wconf 87' lang='grc' dir='ltr'>ω</span> <span class='ocrx_word' id='word_1_191' title='bbox 1803 3051 2027 3122; x_wconf 85' lang='lat' dir='ltr'><strong>negocii</strong></span> <span class='ocrx_word' id='word_1_192' title='bbox 2046 3051 2227 3108; x_wconf 77' lang='lat' dir='ltr'><strong>Pwris.</strong></span> 
     </span>
     <span class='ocr_line' id='line_1_28' title="bbox 210 3121 2226 3195; baseline 0 -20"><span class='ocrx_word' id='word_1_193' title='bbox 210 3121 441 3191; x_wconf 81' lang='lat' dir='ltr'><strong>negotio</strong></span> <span class='ocrx_word' id='word_1_194' title='bbox 470 3122 602 3177; x_wconf 82' lang='lat' dir='ltr'><strong>Re.</strong></span> <span class='ocrx_word' id='word_1_195' title='bbox 713 3121 841 3177; x_wconf 90' lang='lat' dir='ltr'><strong>est</strong></span> <span class='ocrx_word' id='word_1_196' title='bbox 824 3122 1011 3192; x_wconf 85' lang='lat' dir='ltr'><strong>inquit</strong></span> <span class='ocrx_word' id='word_1_197' title='bbox 1036 3135 1099 3193; x_wconf 85' lang='grc' dir='ltr'><strong>ψ,</strong></span> <span class='ocrx_word' id='word_1_198' title='bbox 1136 3131 1273 3180; x_wconf 81' lang='lat' dir='ltr'><strong>recte</strong></span> <span class='ocrx_word' id='word_1_199' title='bbox 1301 3125 1543 3190; x_wconf 74' lang='lat' dir='ltr'><strong>defendit</strong></span> <span class='ocrx_word' id='word_1_200' title='bbox 1568 3124 1839 3195; x_wconf 76' lang='lat' dir='ltr'><strong>Berykius</strong></span> <span class='ocrx_word' id='word_1_201' title='bbox 1865 3140 2042 3192; x_wconf 78' lang='lat' dir='ltr'><strong>opusc.</strong></span> <span class='ocrx_word' id='word_1_202' title='bbox 2070 3123 2095 3176; x_wconf 95' lang='lat' dir='ltr'>I</span> <span class='ocrx_word' id='word_1_203' title='bbox 2123 3129 2226 3176; x_wconf 89' lang='lat'><strong>408</strong></span> 
     </span>
     <span class='ocr_line' id='line_1_29' title="bbox 212 3191 2226 3265; baseline 0.001 -18"><span class='ocrx_word' id='word_1_204' title='bbox 212 3195 319 3247; x_wconf 80' lang='lat' dir='ltr'><strong>eet.</strong></span> <span class='ocrx_word' id='word_1_205' title='bbox 361 3191 507 3257; x_wconf 82' lang='lat' dir='ltr'><strong>Quid</strong></span> <span class='ocrx_word' id='word_1_206' title='bbox 593 3194 724 3248; x_wconf 80' lang='lat' dir='ltr'><strong>aris.</strong></span> <span class='ocrx_word' id='word_1_207' title='bbox 764 3211 867 3249; x_wconf 90' lang='lat' dir='ltr'><strong>een</strong></span> <span class='ocrx_word' id='word_1_208' title='bbox 903 3193 1040 3262; x_wconf 89' lang='lat' dir='ltr'><strong>quid</strong></span> <span class='ocrx_word' id='word_1_209' title='bbox 1075 3195 1256 3265; x_wconf 76' lang='lat' dir='ltr'><strong>Luyd.</strong></span> <span class='ocrx_word' id='word_1_210' title='bbox 1402 3193 1557 3249; x_wconf 90' lang='lat' dir='ltr'><strong>cocio</strong></span> <span class='ocrx_word' id='word_1_211' title='bbox 1595 3197 1678 3264; x_wconf 89' lang='lat' dir='ltr'><strong>(ut</strong></span> <span class='ocrx_word' id='word_1_212' title='bbox 1712 3196 1841 3249; x_wconf 83' lang='lat' dir='ltr'><strong>CIL</strong></span> <span class='ocrx_word' id='word_1_213' title='bbox 1875 3195 1953 3248; x_wconf 84' lang='lat' dir='ltr'><strong>IV</strong></span> <span class='ocrx_word' id='word_1_214' title='bbox 1986 3196 2226 3262; x_wconf 85' lang='grc' dir='ltr'><strong>2416)ω</strong></span> 
     </span>
     <span class='ocr_line' id='line_1_30' title="bbox 211 3262 2225 3337; baseline 0 -20"><span class='ocrx_word' id='word_1_215' title='bbox 211 3262 395 3318; x_wconf 91' lang='lat' dir='ltr'><strong>coctio</strong></span> <span class='ocrx_word' id='word_1_216' title='bbox 427 3266 699 3334; x_wconf 77' lang='lat' dir='ltr'><strong>praecipit</strong></span> <span class='ocrx_word' id='word_1_217' title='bbox 734 3265 906 3321; x_wconf 83' lang='lat' dir='ltr'><strong>Pauli</strong></span> <span class='ocrx_word' id='word_1_218' title='bbox 944 3266 1139 3321; x_wconf 77' lang='lat' dir='ltr'><strong>Festus</strong></span> <span class='ocrx_word' id='word_1_219' title='bbox 1166 3284 1224 3337; x_wconf 88' lang='lat' dir='ltr'><strong>p.</strong></span> <span class='ocrx_word' id='word_1_220' title='bbox 1255 3271 1350 3333; x_wconf 90' lang='grc'><strong>51,</strong></span> <span class='ocrx_word' id='word_1_221' title='bbox 1396 3268 1478 3320; x_wconf 86' lang='lat' dir='ltr'><strong>ita</strong></span> <span class='ocrx_word' id='word_1_222' title='bbox 1515 3265 1757 3321; x_wconf 82' lang='lat' dir='ltr'><strong>Plautus</strong></span> <span class='ocrx_word' id='word_1_223' title='bbox 1791 3266 1950 3320; x_wconf 75' lang='lat' dir='ltr'><strong>Asm.</strong></span> <span class='ocrx_word' id='word_1_224' title='bbox 1987 3270 2113 3318; x_wconf 92' lang='grc'><strong>203.</strong></span> <span class='ocrx_word' id='word_1_225' title='bbox 2157 3266 2225 3331; x_wconf 78' lang='lat' dir='ltr'><strong>cf.</strong></span> 
     </span>
     <span class='ocr_line' id='line_1_31' title="bbox 217 3335 2232 3407; baseline -0 -18"><span class='ocrx_word' id='word_1_226' title='bbox 217 3335 603 3390; x_wconf 80' lang='lat' dir='ltr'><strong>Fleckeiseuus</strong></span> <span class='ocrx_word' id='word_1_227' title='bbox 636 3354 771 3391; x_wconf 79' lang='lat' dir='ltr'><strong>mus,</strong></span> <span class='ocrx_word' id='word_1_228' title='bbox 808 3338 981 3391; x_wconf 80' lang='lat' dir='ltr'><strong>Rheu.</strong></span> <span class='ocrx_word' id='word_1_229' title='bbox 1014 3343 1063 3403; x_wconf 84' lang='lat'><strong>8,</strong></span> <span class='ocrx_word' id='word_1_230' title='bbox 1097 3341 1197 3389; x_wconf 84' lang='grc'><strong>231</strong></span> <span class='ocrx_word' id='word_1_231' title='bbox 1241 3337 1530 3392; x_wconf 74' lang='grc'><strong>0018801108</strong></span> <span class='ocrx_word' id='word_1_232' title='bbox 1565 3339 1731 3407; x_wconf 76' lang='lat' dir='ltr'><strong>symb.</strong></span> <span class='ocrx_word' id='word_1_233' title='bbox 1769 3338 1886 3392; x_wconf 85' lang='lat' dir='ltr'><strong>crit.</strong></span> <span class='ocrx_word' id='word_1_234' title='bbox 1919 3341 1984 3390; x_wconf 87' lang='lat'><strong>16</strong></span> <span class='ocrx_word' id='word_1_235' title='bbox 2022 3335 2232 3389; x_wconf 87' lang='lat' dir='ltr'><strong>Loewii</strong></span> 
     </span>
     <span class='ocr_line' id='line_1_32' title="bbox 212 3407 2230 3478; baseline -0.001 -17"><span class='ocrx_word' id='word_1_236' title='bbox 212 3407 411 3461; x_wconf 86' lang='lat' dir='ltr'><strong>Prodr</strong></span> <span class='ocrx_word' id='word_1_237' title='bbox 443 3412 544 3461; x_wconf 87' lang='grc'><strong>285</strong></span> <span class='ocrx_word' id='word_1_238' title='bbox 687 3413 718 3460; x_wconf 95' lang='grc'><strong>2</strong></span> <span class='ocrx_word' id='word_1_239' title='bbox 757 3407 866 3472; x_wconf 87' lang='grc' dir='ltr'><strong>Ω111</strong></span> <span class='ocrx_word' id='word_1_240' title='bbox 903 3424 998 3461; x_wconf 82' lang='lat' dir='ltr'><strong>sex</strong></span> <span class='ocrx_word' id='word_1_241' title='bbox 1026 3409 1322 3478; x_wconf 77' lang='lat' dir='ltr'><strong>Berykius:</strong></span> <span class='ocrx_word' id='word_1_242' title='bbox 1357 3409 1563 3463; x_wconf 71' lang='lat' dir='ltr'><strong>retinui</strong></span> <span class='ocrx_word' id='word_1_243' title='bbox 1596 3424 1887 3464; x_wconf 70' lang='lat' dir='ltr'><strong>sermonem</strong></span> <span class='ocrx_word' id='word_1_244' title='bbox 1922 3407 2230 3476; x_wconf 76' lang='lat' dir='ltr'><strong>proverbia-</strong></span> 
     </span>
    </p>
   </div>
   <div class='ocr_carea' id='block_1_16' title="bbox 212 3478 2227 3620">
    <p class='ocr_par' dir='ltr' id='par_1_16' title="bbox 212 3478 2227 3620">
     <span class='ocr_line' id='line_1_33' title="bbox 212 3478 2227 3548; baseline -0.001 -16"><span class='ocrx_word' id='word_1_245' title='bbox 212 3480 340 3544; x_wconf 83' lang='lat' dir='ltr'><strong>lem,</strong></span> <span class='ocrx_word' id='word_1_246' title='bbox 388 3479 545 3532; x_wconf 82' lang='lat' dir='ltr'><strong>cuius</strong></span> <span class='ocrx_word' id='word_1_247' title='bbox 579 3481 822 3548; x_wconf 77' lang='lat' dir='ltr'><strong>exempla</strong></span> <span class='ocrx_word' id='word_1_248' title='bbox 850 3486 1072 3548; x_wconf 83' lang='lat' dir='ltr'><strong>praeter</strong></span> <span class='ocrx_word' id='word_1_249' title='bbox 1108 3479 1246 3533; x_wconf 83' lang='lat' dir='ltr'><strong>alios</strong></span> <span class='ocrx_word' id='word_1_250' title='bbox 1284 3479 1571 3548; x_wconf 82' lang='lat' dir='ltr'><strong>Hauptius</strong></span> <span class='ocrx_word' id='word_1_251' title='bbox 1607 3480 1723 3533; x_wconf 79' lang='lat' dir='ltr'><strong>iud</strong></span> <span class='ocrx_word' id='word_1_252' title='bbox 1764 3480 2009 3534; x_wconf 80' lang='lat' dir='ltr'><strong>lectiouu.</strong></span> <span class='ocrx_word' id='word_1_253' title='bbox 2046 3478 2227 3530; x_wconf 77' lang='lat' dir='ltr'><strong>Berol.</strong></span> 
     </span>
     <span class='ocr_line' id='line_1_34' title="bbox 213 3548 1061 3620; baseline 0.002 -19"><span class='ocrx_word' id='word_1_254' title='bbox 213 3548 406 3603; x_wconf 68' lang='grc'><strong>186819</strong></span> <span class='ocrx_word' id='word_1_255' title='bbox 451 3550 715 3617; x_wconf 77' lang='lat' dir='ltr'><strong>quaedam</strong></span> <span class='ocrx_word' id='word_1_256' title='bbox 751 3552 1061 3620; x_wconf 80' lang='lat' dir='ltr'><strong>composuit.</strong></span> 
     </span>
    </p>
   </div>
  </div>
 </body>
</html>
