2610 4007
306 121 435 185 134
649 119 747 173 EX
781 118 1113 175 INCERTIS
1149 118 1633 174 INCERTORVM
1669 117 1971 173 FABVLIS

443 280 543 335 hui
562 281 956 335 Lachmannns
973 279 1140 335 Lacr.
1162 296 1220 349 p.
1244 284 1367 347 311,
1395 281 1492 349 qni
1516 280 1813 348 septenarii
1840 279 2064 334 iambici
2090 279 2323 333 alterum

303 354 594 408 dimidiam
628 353 864 423 aynovit.
922 349 1054 403 huic
1090 371 1133 405 ω
1146 394 1159 419 ,
1197 352 1368 405 deleri
1400 351 1518 405 vult
1556 350 1874 421 Spcnyelins
2089 347 2322 403 uidesne

303 424 443 478 haec
479 425 555 479 ad
601 424 865 478 Varronis
899 423 1060 478 verba
1096 423 1268 477 trahit
1305 421 1626 492 Spenyelins
1746 447 1748 449 ·

1234 553 1385 611 VIII

198 672 264 721 15
304 655 610 742 Sponden
653 659 831 720 tuam
877 658 1141 741 gnatam
1186 651 1329 719 fflio
1376 654 1646 718 uxorem
1691 654 1879 718 meo‘?

442 777 622 832 Varro
674 776 744 831 de
789 775 1019 831 1.1.VI
1067 781 1133 829 70
1192 775 1698 845 ‘spondebatur
1750 774 1990 856 pecunia
2046 779 2148 831 aut
2203 776 2323 830 filia

300 848 626 919 nuptiarum
681 864 851 901 causa
889 863 1161 903 ...nam
1214 850 1288 901 ut
1342 845 1411 899 in
1465 845 1843 901 comoediis
1899 846 2095 901 uides
2153 847 2320 903 dicit

303 920 635 989 sponden’
679 934 724 973 e.
763 936 816 986 q.
856 936 899 974 s.
960 917 1041 973 Cf.
1079 917 1470 972 Lachmannus
1507 916 1595 971 Κ1.
1637 917 1787 972 Schr.
1830 922 1950 987 174,
1990 917 2321 988 Spengelius

303 991 372 1044 de
411 989 624 1044 emend.
645 989 896 1044 Varrone
932 1008 985 1059 p.
1015 994 1101 1057 31,
1140 988 1307 1043 Thilo
1345 1006 1471 1043 ann.
1540 987 1719 1042 hiloll.
1754 993 1890 1043 1855
1927 1006 1981 1057 p.
2014 995 2133 1044 529.
2193 989 2323 1044 Non

302 1060 441 1115 satis
476 1059 846 1131 probabiliter
873 1060 1146 1115 Dziatzko
1174 1077 1304 1115 ann.
1333 1059 1515 1130 philol
1541 1104 1551 1113 .
1586 1065 1721 1114 1876
1750 1077 1803 1129 p.
1836 1065 1937 1113 238
1967 1059 2154 1129 ipsum
2181 1060 2321 1114 Var-

300 1147 493 1186 ronem
529 1131 693 1200 quasi
729 1130 1056 1186 sollemnem
1094 1131 1155 1184 in
1197 1130 1501 1186 comoediis
1538 1129 1839 1184 formulam
1875 1147 2038 1185 versu
2077 1130 2323 1185 adstrin-

302 1202 450 1257 xisse
488 1202 818 1272 suspicatur.
1022 1219 1025 1222 ’

443 1310 696 1379 sponden
731 1312 772 1364 t.
810 1312 1045 1380 gnatam
1081 1309 1477 1365 Rholandellus
1514 1308 1729 1377 sponde
1767 1310 1809 1363 t.
1848 1309 2118 1377 agnatam
2153 1328 2196 1362 ω

480 1474 484 1478 ’
1269 1459 1357 1517 IX

483 1560 860 1627 Ammianus
923 1559 1337 1625 Marcellinus
1400 1557 1685 1624 XXVHI
1749 1560 1818 1646 4,
1874 1559 1957 1624 27
2026 1559 2323 1644 ‘cumque

283 1671 599 1733 mutuum
644 1668 743 1732 illi
790 1667 944 1752 quid
980 1671 1227 1752 petunt,
1273 1670 1625 1732 soccatos
1672 1670 1736 1731 et
1772 1664 1894 1754 (sic
1929 1665 2324 1730 Ritschelius

302 1795 516 1859 opusc.
553 1772 652 1838 III
698 1773 847 1857 319,
897 1770 1361 1837 CFWMueller
1408 1795 1550 1838 ann.
1584 1772 1833 1857 philoll.
1875 1772 2045 1837 1873
2090 1795 2152 1857 p.
2192 1772 2324 1837 360

214 1932 223 1944 .
301 1901 564 1945 soccos
592 1885 666 1944 et
693 1879 872 1944 codd.
901 1882 1277 1965 soccatOS,
1309 1879 1425 1944 del.
1456 1883 1558 1965 et,
1584 1879 1896 1944 Dziatzko
1924 1901 2085 1943 mus.
2115 1878 2320 1944 Rhen.

303 1987 408 2072 31,
463 1984 622 2073 379)
687 1985 1061 2051 Micionas
1124 1982 1244 2072 (sic
1308 1985 1619 2051 Dziatzko
1683 1986 2071 2051 micaunas
2143 1986 2325 2052 codd.

301 2093 675 2158 Miciones
714 2090 1015 2157 Gelenius
1051 2091 1396 2158 Miconas
1442 2092 1669 2180 vulgo)
1716 2093 2019 2158 uidebis
2066 2096 2139 2157 et
2184 2093 2324 2158 La-

302 2199 589 2265 chetas:
637 2221 782 2264 cum
828 2198 1177 2285 adiguntur
1222 2203 1295 2264 ut
1341 2199 1627 2285 reddant,
1673 2200 1765 2264 ita
1801 2199 2221 2265 cothurnatos
2259 2204 2323 2265 et

302 2306 615 2392 turgidOS,
660 2309 734 2370 ut
770 2304 1143 2370 Heraclidas
1180 2305 1328 2371 illos
1369 2305 1832 2391 Cresphontem
1869 2310 1934 2371 et
1970 2305 2322 2372 Temenum

302 2412 531 2497 putes?
608 2411 805 2476 Micio
852 2412 1172 2497 adelphon
1217 2412 1502 2477 Terentii
1549 2413 1965 2499 intellegitur,
2010 2412 2321 2478 Lachetes

302 2521 555 2603 praeter
600 2518 1054 2583 Terentianum
1099 2518 1390 2603 Hecyrae
1435 2518 1652 2604 plures
1695 2519 1836 2583 noti
1884 2516 1990 2606 (cf.
2033 2518 2327 2584 Ritsche-

302 2625 429 2689 lius
473 2626 515 2689 l.
559 2625 776 2701 1.,318
825 2623 964 2711 sq.).

305 2763 310 2770 ·
1284 2739 1341 2796 X

303 2838 648 2903 Lachetem
694 2838 911 2902 audiui
956 2839 1340 2923 percussisse
1384 2837 1710 2903 Demeam.

449 2958 830 3025 Quintilianus
850 2959 953 3013 VH
972 2965 1022 3029 9,
1045 2965 1111 3013 10
1135 2958 1469 3013 ‘accusatiui
1498 2958 1876 3029 geminatione
1913 2959 2068 3013 facta
2106 2959 2321 3029 amphi-

303 3030 460 3085 bolia
499 3030 738 3084 soluitur
774 3028 1045 3099 ablatiuo‚
1084 3033 1149 3084 ut
1183 3029 1351 3087 mad:
1390 3031 1785 3085 Lachetem’
1828 3046 1873 3084 e.
1913 3048 1965 3098 q.
2006 3048 2047 3084 s,
2100 3030 2246 3086 ‘fiatz
2286 3048 2321 3085 a

303 3101 549 3157 Lachete
592 3118 918 3172 percussum
961 3101 1266 3157 Demeam.’
1342 3101 1561 3156 Ibidem
1596 3101 1725 3156 VIII
1763 3107 1813 3170 2,
1853 3107 1918 3155 16
1965 3100 2225 3155 ‘uitanda
2260 3101 2322 3156 in

304 3172 500 3241 primis
549 3172 917 3242 ambiguitas,
973 3189 1087 3226 non
1132 3173 1272 3227 haec
1321 3172 1526 3242 solum,
1583 3172 1652 3226 de
1700 3172 1856 3226 cuius
1943 3188 2104 3228 enere
2152 3190 2321 3243 supra

278 3280 281 3283 »
309 3242 521 3297 dictum
558 3245 668 3313 est,
717 3259 861 3312 quae
899 3243 1174 3298 incertum
1209 3242 1562 3298 intellectum
1597 3241 1761 3313 facit,
1800 3246 1865 3297 ut
1952 3244 2322 3298 hremetem

307 3314 576 3368 audiui’
618 3330 664 3369 e.
695 3332 746 3383 q.
779 3332 820 3370 s.
894 3314 1154 3369 Fortasse
1190 3314 1384 3369 fictum
1421 3314 1736 3384 exemplum
1774 3316 1874 3370 est.

447 3420 750 3475 Lachetem
778 3422 890 3476 loco
918 3423 1105 3490 priore
1135 3420 1486 3476 Chremetem
1513 3423 1684 3477 altero
1726 3421 2106 3493 Quintilianus
2215 3403 2334 3477 De-‘

305 3505 471 3544 mean
506 3503 553 3560 ψ
591 3491 849 3546 dameam
885 3493 1171 3563 Aryentor.
1209 3500 1436 3562 atroque
1473 3495 1587 3548 loco
