2610 4007
410 146 542 210 340
1063 139 1380 196 DEcmvs
1417 139 1772 193 LABERIVs

410 306 562 360 lione
618 304 782 373 dicit,
839 319 1179 372 quamquam
1232 301 1465 382 planum
1516 318 1618 370 pro
1677 302 2026 371 sycophanta
2080 302 2155 356 M.
2211 320 2431 371 quoque

412 377 604 431 Cicero
641 376 702 429 in
730 375 982 430 oratione
1012 373 1281 442 scriptum
1317 371 1564 440 reliquit,
1602 389 1772 440 quam
1806 391 1908 442 pro
1946 372 2206 427 Cluentio
2247 374 2429 428 dixit?

1101 594 1373 665 AQVAE
1425 593 1740 653 GALDAE

1405 718 1438 775 I

628 875 639 887 .
731 824 795 886 et
841 820 970 883 iam
1015 819 1122 883 hie
1167 840 1268 882 me
1316 819 1597 902 optimus
1643 823 1904 883 somniis
1948 820 2210 904 premit,

345 949 376 995 5
413 876 533 994 Vt·
550 928 865 1014 premitur
908 926 1050 1012 glis,

554 1048 770 1103 Νοιι1ιι8
802 1054 921 1116 119,
953 1054 1021 1101 24
1053 1046 1235 1116 ‘glis,
1272 1046 1655 1100 nominatiuus
1685 1048 1757 1101 ab
1787 1065 1871 1116 eo,
1905 1048 2056 1116 quod
2085 1050 2216 1101 sunt
2243 1047 2437 1117 glires,

413 1121 683 1176 Laberius
719 1119 780 1172 in
817 1118 993 1187 Aquis
1032 1117 1234 1172 caldis:
1273 1118 1467 1172 etiam’
1501 1134 1546 1172 e.
1576 1135 1629 1186 q.
1661 1136 1703 1172 s.
1777 1120 2000 1174 Laudat
2036 1118 2244 1187 aliquis
2284 1119 2440 1172 salu-

414 1196 595 1246 tarem
633 1208 905 1259 aquarum
941 1189 1215 1244 effectum

558 1305 585 1352 1
637 1297 854 1367 opimus
902 1299 1274 1362 Passeratius,
1329 1313 1434 1365 quo
1484 1298 1560 1350 ad
1606 1298 1967 1365 suppk‘ndum
2015 1298 2296 1351 senarium
2346 1299 2439 1351 uti

407 1372 602 1451 possiS,
638 1372 688 1424 si
723 1376 849 1423 ante
887 1367 1129 1437 optimus
1167 1370 1378 1421 inseras
1523 1372 1554 1419 2
1592 1370 1657 1420 ut
1692 1385 1758 1436 pi
1760 1366 1964 1421 emitur
1993 1367 2099 1435 F2,
2133 1385 2228 1421 ms.
2253 1368 2443 1422 Fabri

417 1440 750 1525 opprimitur
785 1461 828 1508 φ
881 1456 946 1494 eo
983 1437 1256 1508 premitur
1289 1438 1541 1493 Bothius.
1619 1439 1960 1493 Coniciebam
1998 1455 2108 1506 quo
2145 1438 2439 1507 premitur,

414 1523 477 1568 ut
512 1515 730 1582 scripsit
765 1513 1111 1565 Passeratius

1393 1660 1455 1717 II

416 1745 796 1830 podagricus

561 1865 845 1920 Charisius
894 1883 948 1934 p.
979 1869 1046 1917 58
1083 1865 1141 1919 Ρ
1198 1863 1575 1933 ‘podagrosus
1629 1880 1662 1916 a
1711 1864 1964 1933 podagra
2013 1865 2155 1918 bene
2208 1863 2438 1932 dicitur,

422 1938 520 1990 sed
558 1939 616 1990 et
650 1935 988 2007 podagricus
1018 1952 1052 1988 a
1084 1935 1290 2005 pedum
1329 1933 1697 2005 aegritudine,
1736 1935 1892 1989 cuius
1931 1935 2246 2006 exemplum
2283 1910 2440 2005 apud

419 2007 718 2062 Laberium
755 2010 840 2062 est
876 2008 945 2060 in
977 2006 1187 2074 Aquis
1229 2050 1638 2062 ..........
1668 2009 1686 2076 ΙΙ
1713 2007 2068 2062 Aeditumus’
2099 2024 2145 2062 e.
2167 2026 2221 2075 q
2242 2025 2284 2062 s.
2346 2007 2438 2061 Sic

421 2082 539 2134 cod.
580 2083 724 2134 teste
761 2077 1213 2159 Η.Κ8111ο,(ιιι1
1261 2077 1558 2131 adnotavit
1602 2077 1821 2132 litteras
1870 2096 1903 2132 a
1947 2096 2053 2148 pe,
2100 2078 2318 2147 aegri
2368 2078 2439 2131 in

419 2151 630 2233 Aquis
679 2152 751 2205 ab
796 2149 920 2231 ipso
967 2149 1192 2217 quidem
1237 2149 1353 2202 iam
1397 2148 1489 2218 leg
1491 2148 1512 2201 i
1556 2165 1668 2201 non
1709 2150 1984 2219 potuisse,
2032 2151 2130 2204 sed
2169 2149 2438 2203 editionis

418 2223 592 2292 princ.
632 2221 968 2275 auctoritate
1007 2219 1144 2274 satis
1182 2219 1424 2275 defendi
1453 2168 1656 2284 gQuod
1703 2222 1854 2302 apud
1889 2221 2218 2275 Putschium
2259 2221 2440 2274 fertur

420 2293 735 2363 exemplum
761 2292 1176 2363 podagricus
1209 2309 1340 2345 non
1376 2290 1693 2359 recessit,
1732 2291 1910 2345 item‘
1893 2311 1953 2345 ιιι
1980 2293 2064 2346 ed.
2084 2310 2165 2362 pr.
2196 2295 2256 2346 et
2283 2293 2437 2361 apud

417 2364 738 2418 Fabricium
776 2364 1138 2418 desideratur.

1299 2556 1537 2615 ARIES

563 2637 641 2693 cf.
679 2637 786 2691 inc.
824 2637 938 2691 fab.
977 2637 1092 2691 XX.

417 2756 550 2820 Vix
595 2755 877 2820 sustineo
924 2755 1121 2819 lassas
1167 2757 1385 2821 clunes

561 2876 844 2931 Charisius
877 2895 931 2946 p.
956 2881 1020 2930 78
1054 2877 1112 2929 Ρ.
1157 2877 1410 2930 clunes
1447 2876 1715 2959 feminino
1752 2894 1954 2947 genere
1985 2876 2128 2930 dixit
2154 2876 2438 2958 Melissus,

419 2951 478 3003 et
512 2948 688 3001 habet
729 2950 1013 3001 auctorem
1048 2948 1363 3017 Laberium,
1401 2948 1498 3017 qui
1533 2949 1593 3001 in
1629 2949 1819 3003 Ariete
1857 2948 1936 3002 sic
1975 2947 2080 3003 ait:
2128 2948 2244 3000 uix
2293 2966 2439 3002 sus-

419 3020 607 3074 tineo
655 3019 890 3072 clunes
938 3018 1218 3116 sceuola
1274 3022 1341 3073 et
1385 3019 1713 3073 Horatius
1761 3024 1827 3073 et
1881 3019 2103 3073 lassas
2156 3019 2434 3074 clunes)

419 3090 534 3159 (Sic
581 3090 701 3144 cod.
741 3090 917 3159 Neap.
961 3090 1170 3143 clunes
1216 3090 1473 3144 melissus
1520 3091 1658 3144 femi
1703 3090 1847 3143 dixit
1893 3090 2103 3144 oratius
2151 3093 2208 3144 et
2254 3090 2437 3144 lassos

417 3161 647 3242 culunes
694 3163 752 3214 et
796 3160 995 3215 melius
1040 3178 1161 3214 mas
1211 3160 1445 3214 dicitur’
1488 3164 1746 3230 excerpta
1782 3161 1957 3215 Paris.
2033 3161 2252 3215 Collato
2303 3179 2437 3215 ano-

416 3232 572 3302 nymi
620 3232 689 3285 de
738 3232 924 3285 dubiis
969 3249 1116 3285 nom.
1157 3232 1307 3301 apud
1344 3232 1588 3286 Keilium
1625 3232 1760 3286 CGL
1789 3233 1913 3303 Vp
1919 3239 2062 3287 .575
2108 3231 2437 3287 testimonio

415 3305 522 3357 hoc
581 3303 792 3357 ‘clunes
856 3303 1075 3385 generis
1140 3303 1420 3372 feminini,
1485 3307 1550 3357 ut
1618 3252 1915 3358 Scaeuolap:
1980 3303 2159 3357 lassas
2218 3304 2432 3357 clunes'

415 3376 490 3430 M.
529 3375 810 3444 Hauptius
857 3375 916 3427 in
965 3372 1130 3428 Ovidi
1177 3374 1422 3428 Halieut.
1468 3394 1521 3445 p.
1559 3381 1651 3442 74,
1716 3392 1882 3442 quem
1936 3374 2152 3428 Keilius
2210 3379 2433 3428 secutus

418 3450 528 3512 est,
577 3446 656 3499 sic
693 3446 942 3515 scripsit.
990 3444 1102 3498 vix
1151 3446 1459 3500 sustineo
1508 3446 1740 3499 clunes
1781 3490 1791 3500 .
1826 3489 1837 3500 .
1870 3490 1923 3500 ..
1965 3450 2030 3499 et
2075 3445 2432 3502 Horatius:

416 3490 742 3583 puichiae
791 3518 1021 3569 clunes
1061 3516 1190 3586 [sat.
1220 3518 1245 3569 I
1282 3524 1331 3585 2,
1364 3519 1481 3589 89],
1520 3521 1586 3571 et
1624 3517 1983 3571 Scaevola:
2029 3517 2252 3571 lassas
2293 3518 2434 3571 clu-
