2610 4007
320 166 407 231 84
977 163 1349 219 CAECILIVS
1387 162 1688 218 STATIVS

465 324 679 380 Gellius
716 324 795 377 VI
832 323 974 394 (VII)
1014 329 1062 392 7,
1101 330 1133 377 9
1176 324 1555 393 adprobus
1601 326 1818 392 tamen,
1865 323 2017 391 quod
2055 322 2341 393 significat

319 396 491 450 ualde
526 396 752 478 probus,
788 412 902 449 non
938 394 1151 448 infitias
1190 412 1255 449 eo
1293 394 1433 463 quin
1467 394 1650 465 prima
1687 394 1911 463 syllaba
1948 394 2077 448 acui
2114 395 2337 449 debeat.

321 466 597 522 Caecllius
634 467 695 520 in
732 439 1046 535 comoedia,
1094 483 1240 534 quae
1286 466 1613 521 inscribitur
1649 465 2012 534 Triumphus,
2058 466 2341 521 uocabulo

319 538 431 593 isto
469 538 672 593 utitur:
711 537 1018 592 Hierocles'
1060 553 1107 591 e.
1149 556 1200 606 q.
1241 555 1283 591 s.

1308 670 1370 727 Π

317 772 509 838 Nunc
554 772 731 836 meae
777 770 1086 855 malitiae,
1130 769 1417 856 Astutia,
1473 793 1634 855 opus
1690 772 1787 834 est
1842 770 2343 836 subcenturiare.

460 893 658 948 Festus
712 912 766 962 p.
806 897 910 946 306
956 892 1031 945 Μ.
1091 891 1649 946 ‘succenturiare
1705 894 1793 945 est
1847 891 2156 961 explendae
2215 908 2342 946 cen-

320 964 503 1018 turiae
558 963 747 1033 gratia
802 962 1085 1032 supplere,
1143 962 1394 1017 subicere
1449 996 1513 1003 —
1567 962 1842 1017 Caecilius
1898 962 1959 1016 in
2004 963 2339 1033 Triumpho:

319 1036 489 1089 nunc’
530 1051 576 1089 e.
615 1053 668 1103 q.
708 1052 750 1088 s.
823 1034 1031 1087 Paulus
1070 1039 1173 1087 307
1210 1034 1284 1088 M.
1337 1034 1892 1089 ‘succenturiare
1944 1066 2013 1074 —-
2065 1034 2341 1105 supplere.

322 1105 629 1161 Caecilius·
666 1106 835 1159 nunc’
877 1121 925 1159 e.
963 1123 1014 1173 q.
1058 1122 1099 1159 s.

462 1212 732 1267 Nwmeros
757 1212 1031 1282 Berykius
1057 1213 1337 1281 perspexit
1442 1209 1682 1265 militiae
1714 1211 1868 1266 Festi
1895 1213 2007 1266 eod.
2101 1212 2344 1267 Hiatum

322 1284 386 1336 in
419 1284 652 1337 diaeresi
686 1284 815 1338 olim
851 1284 907 1336 te
944 1284 1228 1338 inserendo
1263 1283 1475 1351 explevi
1602 1281 2021 1336 subcenturiare
2064 1282 2122 1337 O.
2154 1283 2341 1337 Muel-

323 1355 467 1408 lerus
512 1352 872 1407 subcenturia
910 1353 1062 1408 Festi
1095 1356 1210 1409 cod.
1264 1352 1617 1406 succenturia
1654 1354 1871 1408 Paulus
1915 1352 2339 1407 subcenturiata

322 1426 448 1479 Bue
485 1423 894 1478 subcenturiari
931 1426 1203 1495 Berykius
1348 1428 1435 1478 est
1473 1423 1889 1477 succenturiata
1926 1440 2064 1493 opus
2102 1425 2340 1480 Bothius

874 1594 981 1651 EX
1026 1591 1398 1652 INCERTIS
1444 1590 1788 1651 FABVLIS

1315 1698 1347 1756 Ι

219 1817 322 1865 230
341 1797 532 1863 Nunc
578 1800 748 1863 enim
795 1799 1051 1863 demum
1096 1799 1186 1863 mi
1232 1799 1484 1863 animus
1531 1799 1727 1884 ardet,
1771 1803 1945 1866 nunc
1981 1821 2195 1864 meum
2233 1821 2344 1864 cor
2459 1863 2464 1866 ,

1496 1907 1860 1970 cumulatur
1905 1906 2018 1970 ira.

470 2025 660 2081 Cicero
714 2043 816 2095 pro
853 2025 1043 2081 Caelio
1085 2032 1176 2093 16,
1215 2033 1282 2081 37
1326 2027 1522 2082 ‘redeo
1567 2046 1716 2082 nunc
1763 2029 1836 2082 ad
1883 2030 1967 2095 te,
2024 2027 2207 2097 Caeli,
2261 2028 2346 2081 ui-

329 2097 532 2167 cissim,
573 2115 638 2151 ac
674 2097 814 2150 mihi
850 2097 1247 2152 auctoritatem
1282 2098 1528 2167 patriam
1574 2098 2043 2169 seueritatemque
2082 2099 2345 2169 suscipio.

329 2168 426 2222 sed
474 2168 672 2223 dubito
718 2185 883 2236 quem
926 2172 1145 2238 patrem
1188 2168 1545 2238 potissimum
1592 2187 1833 2227 sumam·
1891 2169 2344 2224 Caecilianumne

329 2240 601 2309 aliquem,
656 2240 1045 2294 uehementem
1091 2243 1261 2308 atque
1309 2240 1544 2296 durum?
1616 2242 1804 2295 Nunc
1860 2241 2065 2294 enim'
2121 2258 2167 2296 e
2207 2260 2260 2310 q.
2301 2259 2344 2296 s

327 2311 483 2364 Idem
528 2312 599 2365 de
644 2311 735 2364 fin.
773 2311 826 2365 H
862 2317 1021 2378 4,14
1061 2311 1390 2381 intellegas
1427 2311 1575 2365 inter
1610 2311 1773 2366 illum
1809 2311 1907 2381 qui
1944 2312 2123 2367 dicat.
2179 2315 2345 2367 tanta

328 2381 554 2436 laetitia
581 2384 779 2436 auctus
818 2400 939 2435 sum
975 2385 1041 2435 ut
1075 2381 1158 2434 nil
1195 2384 1431 2451 constet,
1471 2385 1529 2437 et
1557 2398 1683 2435 eum
1711 2383 1834 2451 qui·
1870 2400 2045 2437 nunc
2083 2384 2345 2438 demum

329 2452 495 2506 mihi
533 2452 797 2507 animus
836 2453 1056 2522 ardet,
1094 2469 1330 2521 quorum
1368 2453 1513 2507 alter
1548 2453 1772 2508 laetitia
1799 2454 2025 2524 gestiat,
2066 2454 2209 2508 alter
2247 2455 2345 2508 do-

329 2524 448 2578 lore
496 2523 797 2593 crucietur,
849 2540 969 2578 esse
1018 2497 1181 2578 illum
1228 2524 1478 2578 medium
1516 2568 1527 2578 .
1560 2568 1570 2578 .
1603 2568 1614 2579 .
1654 2524 1752 2593 qui
1795 2542 1900 2579 nec
1950 2525 2193 2580 laetetur
2241 2542 2345 2580 nec

331 2596 611 2664 angatur.’
687 2594 1067 2649 Caecilianum
1118 2598 1345 2676 patrem
1396 2594 1777 2660 Quintilianus
1822 2597 1901 2650 XI
1940 2603 1996 2666 1,
2035 2602 2104 2650 39
2142 2597 2346 2651 Teren-

329 2665 489 2747 tiano
527 2665 778 2790 Olffonst’·
848 2666 918 2719 Ei
965 2669 1154 2720 autem
1190 2666 1282 2721 vel
1327 2665 1387 2719 in
1424 2667 1599 2721 Asoto
1638 2667 1729 2738 (II)
1764 2667 1855 2722 vel
1891 2667 1952 2721 in
1982 2641 2241 2724 ’Fallacia
2277 2669 2344 2738 (I)

330 2737 422 2861 ΕΙ
468 2737 528 2790 111
628 2736 854 2805 ymnide
891 2738 1061 2808 (VIII)
1107 2737 1199 2792 vel
1243 2737 1304 2791 in
1350 2737 1721 2793 Pausimacho
1767 2738 1884 2809 (IV)
1931 2739 2110 2809 fingas
2154 2741 2346 2809 partes

394 2825 520 2864 1sse.

1302 2888 1365 2945 Π

332 2987 386 3052 Ο
435 2988 686 3074 infelix,
732 3011 769 3084 o
817 2989 1103 3053 sceleste!

1143 3094 1182 3136 ²1⁸
1487 3094 1526 3136 ²1⁸

1316 3139 1354 3180 ³1⁶

332 3199 559 3287 Egone
605 3201 760 3285 quid
808 3201 1057 3266 dicam?
1103 3224 1270 3288 egon
1317 3200 1472 3286 quid
1517 3201 1760 3267 uelim?
1806 3225 1967 3288 quae
2013 3207 2087 3267 tu
2134 3203 2352 3268 omnia

332 3307 489 3371 Tuis
533 3308 737 3372 foedis
782 3308 969 3372 factis
1015 3307 1172 3372 facis
1208 3313 1283 3372 ut
1326 3307 1718 3392 nequiquam
1762 3309 1978 3374 uelim.

1145 3413 1183 3454 εκ
1487 3413 1526 3454 εει

1315 3458 1353 3499 21⁶

333 3518 531 3583 Istam
577 3519 646 3582 111
691 3519 1090 3584 uicinitatem
1136 3524 1200 3584 te
1245 3520 1676 3585 meretriciam
