2610 4007
365 153 497 218 328
1240 153 1514 208 NOVIVS

1270 338 1428 399 ZON
1429 340 1486 398 A

1367 465 1398 522 Ι

362 565 589 652 'Atqui
634 567 1038 652 facilitatem,
1082 565 1299 652 uideo,
1345 566 1589 651 <haut>
1632 567 1835 630 uteris
1879 566 2259 651 uulgariam.

475 661 724 741 'Nonius
772 693 893 755 481,
933 694 996 740 21
1052 686 1487 741 ‘libertatem
1536 687 1641 741 uti
1692 705 1792 757 pro
1839 688 1926 742 uti
1975 687 2238 741 libertate

365 759 582 813 Nouius
620 760 800 816 Zona:
849 760 1038 827 atque'
1081 775 1127 813 e.
1158 776 1209 826 q.
1241 776 1283 813 s.
1356 759 1513 812 Idem
1552 765 1676 826 488,
1715 765 1783 813 25
1834 758 2241 829 ‘uulgariam
2286 775 2402 827 pro

365 830 674 902 uulgarem.
749 830 966 884 Nouius
1004 830 1181 884 Zona:
1226 831 1419 898 atque’
1452 847 1497 884 e.
1528 848 1580 898 q.
1613 849 1655 884 s.
1695 834 1886 900 (zona
1913 830 2013 883 W²
2050 847 2210 907 zeno
2248 833 2319 898 φ)

511 937 669 1006 atqui
708 938 811 1005 (ch
843 936 1057 1005 atquei)
1093 938 1290 1005 scripsi
1327 936 1516 1004 aquile
1555 937 1634 991 W
1650 955 1713 1018 ⁶p:
1744 942 1849 990 488
1889 953 2068 1004 aquae
2108 937 2197 990 Ba
2211 936 2256 989 C
2266 936 2338 989 Η
2344 936 2406 988 L

358 1027 418 1079 p.
448 1015 553 1063 488
603 1011 772 1076 atque
810 1029 852 1062 ω
883 1027 941 1078 p.
972 1013 1093 1075 481,
1133 1009 1189 1062 P
1213 1026 1271 1077 p.
1302 1013 1408 1061 488
1551 1007 1831 1061 facilitate
1870 1008 1926 1061 P
1953 1026 2007 1077 p.
2038 1013 2144 1061 488

1353 1193 1417 1251 Π
1523 1277 1768 1342 duriter
1811 1300 1914 1342 me
1959 1278 2221 1361 habere,

262 1381 367 1429 100
385 1365 706 1453 Vigilasse

509 1487 726 1541 Nonius
767 1493 895 1555 512,
935 1492 966 1539 3
1008 1485 1299 1540 ‘duriter
1343 1503 1443 1556 pro
1483 1487 1618 1540 dure
1664 1531 1675 1541 .
1710 1532 1720 1541 .
1755 1532 1765 1542 .
1810 1487 2025 1541 Nouius
2064 1489 2242 1544 Zonaz
2292 1488 2402 1541 du-

367 1558 524 1613 riter’
558 1575 603 1613 e.
636 1576 688 1627 q.
721 1577 762 1612 s.
802 1560 986 1628 (tona
1023 1558 1089 1627 P)

927 1779 1034 1837 EX
1079 1778 1451 1838 INGERTIS
1499 1780 1838 1839 FABVLIS

512 1894 599 1950 Fr.
629 1895 655 1948 I
697 1894 1022 1963 Dotatae,
1069 1895 1121 1948 H
1165 1895 1448 1949 Herculi
1495 1896 1816 1951 Coactori
1859 1896 2098 1951 restitui.

1337 2083 1429 2141 HI

266 2199 369 2247 104
389 2235 404 2248 .
497 2183 652 2248 olim
700 2183 1033 2266 expectata
1077 2173 1349 2247 ueniunt
1393 2186 1637 2269 septem
1691 2183 2074 2249 Saturnalia.

513 2303 831 2358 Macrobius
867 2304 981 2358 Sat.
1010 2305 1036 2358 I
1076 2311 1158 2372 10,
1190 2310 1220 2357 3
1263 2304 1421 2359 ‘licet
1458 2308 1515 2359 et
1552 2305 1704 2374 apud
1741 2307 1959 2359 ueteres
1997 2304 2187 2374 opinio
2223 2304 2403 2358 fuerit

373 2378 587 2444 septem
625 2375 821 2429 diebus
867 2375 1063 2446 peragi
1102 2375 1449 2444 Saturnalia,
1499 2376 1547 2429 si
1594 2375 1784 2445 opinio
1821 2378 2079 2430 uocanda
2116 2379 2206 2429 est
2248 2392 2399 2445 quae

371 2445 590 2500 idoneis
632 2446 884 2499 firmatur
930 2447 1269 2501 auctoribus.
1343 2447 1560 2502 Nouius
1610 2447 1785 2516 enim,
1831 2448 2222 2502 Atellanarum
2268 2464 2399 2517 pro-

372 2516 700 2571 batissimus
739 2517 991 2587 scriptor,
1031 2518 1137 2573 ait:
1177 2518 1335 2571 olim’
1373 2536 1419 2574 e.
1450 2536 1502 2588 q.
1534 2537 1574 2572 s.

516 2624 816 2680 Praecessit
860 2626 1087 2691 fortasse
1132 2625 1364 2679 tandem
1504 2623 1743 2679 ueniunt
1788 2627 2084 2695 expectata
2120 2625 2403 2679 Munkius

1338 2812 1426 2869 IV

268 2927 372 2976 105
391 2908 516 2973 Per
588 2910 769 2974 deam
843 2913 1129 2976 sanctam
1202 2912 1588 2997 Lauernam,
1662 2914 1824 2997 quae
1887 2913 2097 2996 (mei)
2160 2912 2401 2976 cultrix

1863 3019 2221 3103 quaestuist

516 3138 731 3193 Nonius
768 3145 889 3208 483,
928 3145 996 3193 20
1038 3139 1336 3208 ‘quaesti
1378 3139 1471 3194 uel
1508 3139 1798 3208 quaestuis
1837 3139 2052 3194 dictum
2085 3157 2189 3209 pro
2225 3158 2398 3209 quae-

373 3213 494 3264 stus
535 3254 545 3265 .
580 3256 589 3265 .
623 3255 633 3265 .
672 3210 916 3267 Nouius:
954 3228 1055 3280 per
1092 3211 1275 3265 deam’
1310 3228 1355 3265 e.
1386 3230 1438 3279 q.
1471 3229 1510 3265 s,

518 3320 771 3371 sanctam
808 3318 936 3371 ΗΡ
969 3320 1166 3371 sancta
1202 3287 1261 3387 qs
1361 3318 1674 3372 Lauernam
1711 3319 1778 3372 H
1780 3318 1816 3384 ²,
1852 3319 2067 3372 Aldina
2102 3317 2398 3372 labemam

372 3387 671 3459 (libernam
699 3390 776 3457 P)
807 3411 849 3459 φ
959 3405 1103 3456 quae
1133 3388 1337 3443 cultrix
1365 3388 1704 3457 quaestuisit
1730 3410 1772 3443 ω
1802 3391 1916 3458 (sed
1943 3405 2085 3457 quae
2115 3406 2158 3442 c.
2189 3407 2293 3443 om.
2318 3390 2398 3443 L¹

483 3459 557 3514 sit
594 3477 692 3514 om.
722 3461 862 3530 Ba):
904 3461 986 3514 vel
1021 3459 1132 3513 mei
1167 3462 1249 3515 vel
1285 3460 1452 3513 huius
1492 3462 1836 3517 inserendum
1872 3462 2096 3515 conicio.
2136 3476 2282 3527 quae
2324 3460 2402 3513 sit

374 3530 579 3583 cultrix
608 3531 895 3597 quaestuis
924 3532 1160 3586 Bothius
1196 3548 1340 3599 quae
1379 3531 1582 3585 cultrix
1620 3531 1840 3600 quaesti
1874 3531 1982 3585 siet
2016 3532 2400 3601 Quicheratius
