2610 4007
798 209 1191 263 MARVLLVS
1264 209 1591 264 LVCILIVS
2074 211 2204 275 373

325 370 549 425 Servius
586 370 646 423 in
684 371 820 424 Aen.
849 370 952 424 VII
989 375 1091 423 499
1134 371 1363 439 ‘perque
1399 370 1525 443 ilia]
1571 370 1679 424 hoc
1715 370 1790 424 ile
1829 373 1886 424 et
1921 371 2062 425 haec
2097 370 2200 424 ilia

178 442 336 497 facit.
402 441 534 496 hinc
572 445 629 495 et
665 441 974 496 quenalis:
1013 440 1100 494 uis
1137 441 1312 495 frater
1349 441 1420 495 ab
1458 441 1596 510 ipsis
1623 441 1837 497 Ilibus?
1879 459 2011 495 nam
2049 443 2200 510 quod

179 512 517 568 Marullus
559 512 1067 582 mimographus
1110 512 1313 567 dixit:
1363 513 1456 566 tu’
1490 529 1535 566 e.
1567 531 1619 582 q.
1651 532 1691 568 s.
1761 515 1927 567 ‘cum
1965 513 2044 566 de
2081 532 2200 583 gu-

178 586 329 639 loso
378 584 667 654 diceret,
716 584 966 638 allusit
1010 584 1092 637 ad
1139 583 1462 638 ciuitatis
1499 601 1753 639 nomen.
1828 602 1960 637 nam
1997 585 2080 638 ab
2118 584 2200 637 ili

181 657 381 711 debuit
422 655 646 710 dicere.’
722 656 878 709 Idem
911 655 972 708 in
1008 656 1108 709 ecl.
1138 655 1242 709 VH
1280 661 1347 708 26
1390 656 1739 724 ‘rumpantur
1774 658 1838 709 ut
1881 655 2005 727 ilia]
2056 655 2201 709 sicut

180 728 355 782 etiam
391 727 452 779 in
489 726 737 780 Aeneide
777 726 1043 794 diximuS‚
1086 727 1193 780 hoc
1230 726 1305 780 ile
1345 730 1402 780 et
1437 726 1577 780 haec
1613 726 1715 780 ilia
1752 726 1893 780 facit
1931 771 1941 782 .
1976 771 1986 781 .
2020 771 2029 781 .
2068 745 2201 780 nam

178 797 454 853 Marullus
510 797 928 867 mimographus
983 797 1322 867 contempsit
1376 800 1553 851 artem
1609 799 1682 851 ad
1735 797 1921 851 iocum
1970 814 2197 852 mouen-

181 871 341 938 dum,
398 872 465 923 et
518 869 830 938 parasito
883 867 1086 923 dixit:
1137 871 1210 922 tu
1260 872 1335 922 ut
1384 869 1636 922 Hector
1690 869 1772 923 ab
1827 868 1958 922 Ilio
2014 886 2199 921 num-

179 959 378 1010 quam
429 939 711 995 recedis.
800 943 886 994 est
940 942 1131 993 autem
1183 940 1290 994 hoc
1346 939 1560 993 dictum
1612 957 1714 1010 per
1769 939 2201 995 amaritudinem

175 1012 487 1066 rusticam.’

322 1119 568 1173 Marulli
594 1119 753 1172 verba
780 1119 843 1171 in
868 1120 1111 1173 senarios
1136 1120 1342 1189 redeyit
1368 1119 1604 1173 Bothius
1710 1117 1935 1173 imitare
1968 1119 2033 1172 G.
2055 1119 2199 1172 Her-

179 1207 420 1244 mawnus
463 1188 704 1242 imitaris
742 1189 962 1243 Servius
999 1191 1110 1244 loco
1148 1192 1362 1258 priore:
1407 1192 1576 1244 altero
1620 1207 1754 1245 usus
1794 1191 2098 1245 testimonio
2134 1193 2200 1242 ut

177 1261 388 1315 Hector
423 1263 486 1313 tu
522 1259 736 1313 recedis
774 1277 1080 1328 numquam
1117 1260 1190 1314 ab
1227 1260 1334 1314 Ilio
1372 1263 1762 1316 commendavit
1797 1262 1921 1315 Buc

1156 1465 1219 1522 II

312 1565 517 1630 Iulius
562 1563 964 1650 Capitolinus
1010 1565 1078 1630 in
1122 1564 1256 1629 vita
1293 1564 1607 1631 Antonini
1652 1565 2024 1650 philosophi
2069 1587 2119 1628 c.
2159 1565 2198 1629 8

178 1674 419 1758 ‘adepti
483 1673 826 1756 imperium
889 1673 983 1736 ita
1047 1672 1326 1736 ciuiliter
1390 1695 1457 1737 se
1518 1672 1706 1737 ambo
1768 1676 2066 1759 egerunt,
2129 1675 2202 1736 ut

175 1781 510 1845 lenitatem
554 1778 658 1844 Pii
703 1801 891 1844 nemo
940 1779 1341 1864 desideraret,
1397 1802 1541 1843 cum
1588 1802 1696 1844 eos
1741 1778 2055 1843 Marullus
2101 1778 2202 1842 sui

176 1886 489 1970 temporis
543 1885 1028 1971 mimographus
1087 1886 1448 1950 cauillando
1513 1887 1751 1969 inpune
1814 1886 2201 1972 perstringe-

174 1995 316 2059 ret.'
396 1991 488 2057 Of.
534 1996 863 2077 praeterea
909 2015 1093 2058 anon.
1130 1993 1307 2058 mim.
1344 1993 1420 2059 fr.
1459 1993 1569 2059 XI.

738 2321 1638 2408 LVOILIVS

321 2505 532 2559 Seneca
578 2505 739 2574 epist.
781 2511 830 2574 8,
870 2512 900 2559 9
951 2506 1219 2560 ‘alienum
1267 2510 1354 2561 est
1400 2523 1586 2574 omne,
1633 2505 1903 2575 quicquid
1950 2506 2197 2575 optando

175 2575 370 2630 euenit
408 2575 559 2657 [Syri
586 2578 820 2648 sent.1].
878 2577 1027 2631 hunc
1064 2594 1286 2631 uersum
1326 2595 1359 2631 a
1395 2580 1452 2631 te
1491 2577 1605 2631 dici
1641 2595 1752 2631 non
1789 2577 1959 2645 paulo
1999 2575 2196 2630 melius

175 2648 275 2702 sed
314 2647 639 2702 adstrictius
676 2647 929 2705 memini:
972 2666 1101 2702 non
1149 2651 1253 2702 est
1297 2650 1505 2702 tuum’
1539 2666 1585 2703 e.
1615 2667 1667 2716 q.
1699 2667 1739 2704 s.
1810 2648 1988 2701 ‘Illud
2025 2646 2200 2701 etiam

173 2736 323 2772 nunc
387 2718 588 2772 melius
649 2718 863 2772 dictum
918 2737 953 2773 a
1004 2723 1062 2774 te
1121 2737 1235 2774 non
1295 2720 1639 2789 praeteribo:
1707 2719 1855 2773 dari
1918 2719 2192 2772 bonum’

172 2807 218 2844 e.
252 2808 305 2859 q.
339 2807 380 2844 s,
449 2790 817 2914 ἒὶξὺὺιύθωηὺ
852 2790 1000 2845 inter
1035 2790 1386 2845 Publilianas
1425 2791 1761 2847 sententias:
1800 2790 1868 2845 cf.
1901 2793 2040 2844 sent.
2069 2789 2195 2842 fals,

829 3031 917 3089 IN
922 3030 1156 3090 OERTI
1200 3031 1539 3090 NOMINIS

1174 3157 1203 3214 I

170 3254 237 3321 N
239 3277 325 3319 on
372 3257 469 3319 est
515 3258 726 3341 tuum,
773 3256 1032 3321 fortuna
1078 3257 1250 3341 quod
1294 3257 1448 3321 fecit
1493 3261 1696 3323 tuum.

1157 3476 1219 3534 II

172 3575 337 3640 Dari
381 3575 622 3640 bonum
671 3578 843 3660 quod
885 3577 1127 3663 potuit,
1174 3577 1419 3642 auferri
1457 3582 1688 3662 potest.
