2610 4007
703 157 763 210 L.
802 156 1222 212 POMPONIVS
1258 155 1744 211 BONONIENSIS
2102 156 2232 220 293

199 441 455 506 Mirum
516 443 586 506 ni
646 442 802 507 haec
857 443 1071 508 Marsa
1125 447 1247 530 ost,
1311 445 1379 507 in
1441 444 1736 507 colubras
1796 444 1985 508 callet
2045 445 2242 508 canti-

1708 551 2027 615 unoulam.

355 670 577 725 Nonius
606 677 728 739 482,
760 677 789 724 7
824 671 925 726 ‘sio
963 676 1021 727 et
1059 673 1274 726 callet
1309 672 1469 727 illam
1507 690 1622 727 rem
1659 689 1760 742 pro
1798 671 1900 726 illa
1938 689 2012 727 re.
2078 673 2240 726 Pom-

202 742 417 812 ponius
455 741 803 799 Pictoribus:
840 743 1064 797 mirum’
1097 761 1143 799 e.
1175 762 1226 812 q.
1258 763 1298 799 s,
1361 744 1773 815 (Pistoribus
1800 743 1922 813 W1)

355 850 498 904 haee
538 895 549 904 .
583 895 593 904 .
629 895 639 904 .
681 851 749 905 H
894 851 1151 905 colubres
1190 852 1284 906 Ba
1436 849 1856 904 cantiunculam
1893 852 2244 906 Passeratius

207 920 562 975 canticulam
599 922 693 977 Ba
705 923 774 976 Η
779 923 901 976 LP
940 921 1285 976 canticulum
1332 924 1408 979 W

988 1106 1473 1167 PISOATORES

1209 1234 1241 1292 I

210 1333 387 1410 Quid
413 1333 618 1397 habes
645 1335 714 1398 in
743 1335 1105 1420 surpiculis,
1143 1335 1366 1399 caluo?
1397 1371 1481 1381 —
1509 1333 1733 1398 'Omne
1760 1333 1997 1419 piscati
2023 1356 2241 1420 genus,

357 1454 576 1509 Nonius
614 1461 734 1524 488,
771 1463 834 1510 15
876 1456 1165 1527 ‘piscati
1200 1474 1301 1526 pro
1339 1456 1607 1526 piscatus,
1676 1457 2016 1526 Pomponius
2053 1457 2243 1510 Pisca-

210 1526 460 1582 toribus:
501 1525 668 1594 quid’
702 1544 747 1581 e.
778 1545 829 1595 q.
863 1546 903 1582 s,

211 1706 290 1760 Pl
360 1632 656 1761 stynggulis
704 1656 746 1688 ω
946 1651 1034 1688 em
1079 1637 1183 1706 (vel
1216 1635 1421 1704 habeo)
1471 1652 1631 1690 omne
1679 1636 1985 1692 Muellerus
2022 1639 2239 1706 prosod.

291 1724 369 1760 au
397 1749 407 1759 .

1202 1805 1266 1863 H

208 1904 451 1969 Nescio
487 1904 668 1987 quid:
704 1926 837 1967 non
875 1909 970 1969 est
1005 1904 1129 1969 hoo
1165 1928 1433 1991 merum,
1472 1907 1644 1989 quod
1679 1906 1786 1970 hio
1822 1908 2035 1990 plorat
2074 1959 2087 1971 .
2117 1959 2130 1972 .
2162 1959 2174 1971 .
2206 1960 2220 1972 .
2244 1919 2345 1968 120

355 2025 574 2080 Nonius
614 2032 734 2095 344,
767 2033 832 2080 13
874 2029 1169 2098 ‘merum‚
1210 2027 1502 2083 sincerum.
1559 2029 1900 2098 Pomponius
1937 2029 2239 2084 Piscatori-

108 2160 113 2164 q
210 2098 349 2153 bus:
388 2096 600 2151 nescio’
634 2114 680 2152 e.
711 2115 760 2165 q.
796 2116 837 2152 S.

357 2204 737 2274 Septenarium
809 2206 1104 2260 iambicum
1177 2208 1464 2276 discripsi,
1553 2210 1651 2277 qui
1719 2210 2072 2277 transpositis
2147 2208 2238 2262 hio

213 2276 367 2343 quod
413 2278 576 2331 etiarn
623 2277 789 2330 Ze‘niri
830 2278 1033 2345 possit:
1085 2294 1217 2331 nam
1261 2279 1391 2332 haee
1436 2295 1642 2348 quoque
1686 2281 1897 2334 notatio
1943 2280 2095 2347 quod
2145 2279 2239 2333 hio

210 2347 402 2416 plorat,
451 2391 461 2401 .
495 2391 506 2401 .
540 2391 550 2400 .
600 2348 794 2402 dwrior
829 2354 918 2401 est.
997 2348 1297 2403 Troehaeos
1341 2350 1498 2404 tales:
1544 2349 1733 2403 nescio
1772 2349 1934 2418 quid,
1983 2351 2081 2403 sed
2126 2368 2239 2405 non

213 2420 300 2472 est
343 2418 452 2471 hoo
497 2434 712 2471 merum
757 2417 849 2471 hic
896 2419 1048 2486 quod.
1092 2418 1281 2488 plorat
1320 2464 1330 2474 .
1364 2465 1375 2475 .
1408 2464 1418 2473 .
1460 2422 1588 2474 olim
1622 2422 1867 2487 feceram.
1945 2423 2079 2476 Nori
2111 2425 2235 2492 pla-

212 2496 331 2544 cent
376 2490 456 2543 sic
505 2491 800 2557 discerpta:
847 2506 1085 2558 merum,
1135 2489 1296 2554 Quod
1342 2490 1433 2545 hio
1477 2491 1667 2560 plorat
1843 2495 2031 2547 nescio
2075 2493 2235 2565 quid]

211 2563 281 2628 cf.
320 2561 399 2644 A..
424 2560 609 2686 Lgehs
646 2562 833 2615 Herm.
876 2562 967 2616 VI
995 2567 1113 2615 269.
1155 2567 1255 2615 271
1278 2580 1353 2632 sq.
1516 2562 1609 2616 hic
1646 2565 1747 2618 del.
1776 2580 1816 2617 x
1975 2567 2140 2633 parat
2174 2567 2238 2619 in

210 2649 431 2687 senario
524 2649 590 2686 ue

214 2809 383 2887 Quid
437 2810 561 2875 hoo
616 2814 712 2876 ost
769 2813 1082 2877 tumulti?
1181 2730 1274 2788 HI

353 2931 571 2985 Nonius
618 2937 749 3002 484,
789 2940 819 2986 2
877 2934 1190 2988 ‘tumulti
1244 2953 1346 3004 pro
1402 2936 1678 2990 tumultus
1732 2979 1743 2991 .
1787 2980 1797 2991 .
1839 2980 1850 2991 .
1897 2938 2236 3007 Pomponius

212 3003 620 3060 Piscatoribus:
660 3004 826 3072 quid’
859 3021 906 3059 e.
936 3023 987 3073 q.
1020 3024 1060 3061 S.
1100 3006 1503 3076 (Piscatoris
1531 3007 1624 3077 W)

353 3110 491 3178 quid
531 3111 588 3179 0,
627 3111 843 3166 Aldina
889 3113 1041 3180 quod
1079 3133 1121 3182 φ
1200 3107 1203 3108 ’
1268 3117 1355 3167 est
1389 3114 1496 3168 hoc
1534 3115 1638 3170 W¹

1077 3298 1364 3358 PISTOR

1203 3423 1235 3481 I

212 3522 469 3607 Dsoipit
514 3523 789 3588 uicinos:
838 3526 1010 3608 quod
1056 3525 1425 3591 molondum
1474 3528 1808 3615 conduxit,
1856 3534 2113 3595 comest.

1787 3643 1818 3674 Α
