2610 4007
948 208 1058 264 CN.
1095 203 1416 262 NAEVIVS
2102 202 2186 268 33

197 369 484 424 Tbesaurus
525 386 653 424 nov.
690 369 817 423 Lat.
855 368 915 421 in
946 368 1010 425 A
1041 367 1158 421 Mai
1196 369 1343 422 auct.
1383 367 1545 421 class.
1575 366 1705 421 Vm
1732 372 1799 421 67
1841 367 1922 421 ‘et
1965 366 2186 448 bilbo‚

168 436 169 439 ’
195 441 248 495 is.
281 441 422 496 uerb.
460 444 617 495 neut.
658 440 746 492 -i
789 439 1034 494 sonitum
1069 438 1254 492 facere
1292 439 1365 492 ad
1400 436 1827 520 similitudinem
1853 437 1989 492 noui
2017 437 2189 493 musti

195 515 244 566 et
271 529 442 567 nouae
479 511 807 580 cereuisiae,
845 510 1069 609 quand’o
1108 509 1413 592 spumescit
1448 509 1509 563 in
1547 508 1717 577 dolio,
1755 509 1904 563 unde
1939 508 2189 563 Naeuius

194 582 387 637 bilbit
440 584 770 653 amphora
824 581 1048 651 inquit)
1140 580 1356 635 ibidem
1407 599 1461 651 p.
1513 586 1577 634 77
1637 579 1926 635 ‘bilbire
1986 581 2192 636 dicitur

197 654 369 708 uinum
420 655 651 723 quando
708 655 934 723 spumat
987 655 1045 707 et
1100 654 1266 707 sonat
1320 652 1671 722 spumando.’
1761 651 1839 707 cf.
1897 652 2192 708 Philoxeni

193 724 340 794 gloss.
386 724 513 781 CGl.
544 725 722 795 1129,
753 729 837 779 50.
869 729 935 778 38
989 723 1236 777 ‘bilbit
1285 724 1576 797 βομβύζει’
1653 727 1711 778 ει
1760 722 2038 779 ‘bilibit
2075 719 2192 780 ἐπι-

197 797 437 867 σκιασμὸς
473 804 685 867 φωνῆς.
693 797 708 823 ’
775 795 937 850 Adde
973 795 1025 848 V
1054 800 1173 863 171,
1204 801 1288 848 23.

319 905 592 974 amphora
626 901 816 971 inquit
851 902 1065 958 Naevio
1098 903 1294 957 tribuit
1334 902 1393 959 0.
1425 866 1726 958 Muellerus
1775 889 1782 896 ’

1116 1052 1256 1109 XIX

193 1154 283 1220 An
323 1156 475 1220 nata
521 1159 632 1220 est·
671 1176 904 1239 sponsa
946 1154 1304 1240 praegnas?
1349 1153 1457 1218 uel
1500 1157 1564 1218 εἰ·
1608 1155 1715 1220 uel
1756 1177 1937 1244 nega.
2201 1171 2301 1221 125

316 1276 621 1331 Diomedes
656 1295 712 1346 p.
745 1281 849 1330 370
874 1276 934 1330 Ρ.
977 1275 1119 1331 ‘aio
1165 1276 1442 1331 uerbum.
1502 1276 1614 1331 ,de
1661 1277 1818 1332 cuius
1859 1278 2195 1349 imperatiuo

195 1362 295 1402 non
326 1347 467 1401 nulli
507 1347 894 1417 ambigebant.
968 1363 1166 1401 uerum
1202 1346 1418 1401 dictum
1454 1320 1542 1402 est
1578 1348 1658 1418 ai,
1704 1352 1771 1403 ut
1804 1349 2053 1404 Naeuius
2092 1350 2199 1405 ali-

195 1419 333 1474 cubi:
370 1419 465 1474 an’
499 1436 549 1475 e.
581 1437 635 1487 q.
667 1436 709 1474 s.
776 1417 1092 1472 Priscianus
1128 1436 1182 1488 p.
1212 1422 1318 1472 875
1346 1419 1406 1473 P.
1449 1419 1632 1473 ‘ai0.
1692 1419 2101 1490 .imperatiuus
2138 1421 2200 1477 ιιι

196 1489 552 1545 iterminans
717 1489 993 1544 Naeuius.
1042 1491 1139 1544 an’
1179 1492 1229 1545 ε.“
1256 1507 1310 1570 q.
1342 1509 1383 1546 s.
1465 1509 1518 1561 p.
1551 1464 1741 1546 906P.
1794 1491 1935 1546 ‘aio
2096 1492 2200 1545 im-

196 1561 435 1631 peratiuo
481 1561 546 1616 ιιι
593 1560 615 1614 ι
651 1560 1005 1616 terminante.
1082 1560 1162 1615 sic
1200 1560 1350 1615 enim
1384 1562 1598 1616 Probus
1638 1562 1707 1616 de
1744 1561 1917 1616 dubio
1952 1563 2199 1632 perfecto

197 1636 428 1688 tractans
467 1632 723 1687 ostendit
758 1631 1037 1686 Naeuium
1071 1631 1401 1702 protulisse:
1441 1634 1534 1686 an’
1576 1649 1622 1688 e.
1653 1650 1706 1701 q.
1738 1651 1779 1688 S.
1843 1633 1996 1688 idem
2028 1634 2200 1703 paulo

195 1701 326 1758 infra
363 1705 541 1772 ‘quod
580 1707 773 1758 autem
807 1703 869 1756 in
906 1702 1059 1759 aliis’
1073 1706 1191 1773 ..(sc
1228 1703 1509 1802 personis,
1557 1703 1699 1758 dicit
1734 1705 1805 1759 de
1839 1703 2022 1775 prima
2059 1705 2199 1775 sing.

198 1776 248 1828 et
277 1775 442 1830 tertia
477 1775 650 1846 plur.)
692 1774 1033 1844 corripitur’
1074 1774 1307 1845 (vocalis
1345 1778 1428 1845 a),
1471 1775 1743 1857 ‘ostendit
1779 1793 1954 1832 usus
2014 1777 2203 1832 .-Nae

199 1845 332 1902 nius.
379 1848 474 1901 an’
517 1863 566 1902 e.
641 1864 725 1901 ..s
802 1845 1065 1915 (neuius
1109 1846 1247 1916 Reg.
1293 1847 1470 1916 Bong.
1520 1847 1760 1902 ennius
1802 1819 1997 1903 Bamb.
2035 1847 2201 1904 Halb.

197 1916 346 1988 Sang.
384 1918 546 1973 Grut
589 1916 844 1988 Carolir)

325 2042 394 2079 an
432 2029 523 2080 est
558 2028 700 2079 nata
737 2025 1028 2080 Diomedes
1135 2025 1222 2078 est
1258 2041 1465 2095 sponsa
1501 2029 1588 2079 est
1627 2025 1855 2082 Carolir.
1896 2028 2070 2083 Prisc.
2100 2033 2203 2082 875

507 2229 511 2238 .
1145 2175 1256 2234 XX

199 2274 310 2341 V61
352 2300 516 2362 quae
563 2281 782 2363 sperat
824 2279 893 2342 se
937 2281 1284 2362 nupturam
1331 2274 1612 2342 uiridulo
1659 2276 2163 2363 adulescentu10‚

200 2380 303 2447 'Ea
343 2384 499 2451 licet
544 2384 746 2449 sem'le
791 2386 1023 2449 tractet
1068 2383 1375 2449 detritum
1419 2384 1809 2449 rutabulum.

326 2504 532 2560 Festus
578 2523 631 2575 p.
672 2504 877 2560 26.2M
930 2504 1356 2559 ‘rutabulum
1412 2508 1500 2559 est
1552 2523 1664 2574 quo
1718 2504 1916 2559 rustici
1968 2505 2029 2559 in
2082 2523 2210 2575 pro-

203 2576 399 2631 ruendo
441 2577 579 2658 igne
614 2576 778 2646 panis
817 2575 1094 2644 coquendi
1113 2575 1318 2657 gratia
1354 2578 1651 2649 [utu-ntur]
1724 2576 1941 2631 Nouius
1978 2576 2038 2629 ιιι
2074 2576 2208 2630 Pico

204 2677 263 2686 —
296 2680 366 2689 -
400 2647 667 2702 Nauius
725 2647 1025 2703 obscenam
1068 2646 1179 2700 uiri
1223 2649 1444 2717 partem
1488 2647 1835 2704 describens.
1891 2647 1986 2702 uel
2040 2648 2206 2715 quae’

204 2732 244 2772 e
271 2736 320 2786 q.
351 2737 395 2773 s.
472 2718 811 2789 (Naeuius
847 2716 1018 2789 vulgo
1054 2718 1316 2772 Nouius
1354 2718 1724 2789 Augustinus)

338 2831 364 2878 1
407 2825 617 2880 Malim
653 2827 800 2893 quae
838 2825 1100 2895 desperat
1214 2823 1460 2879 uiridulo
1496 2828 1693 2895 scripsi
1736 2824 1847 2879 uiri
1881 2826 1995 2882 cod
2044 2824 2214 2879 diuiti

206 2898 333 2950 cmii
380 2897 507 2952 Rue
633 2896 1052 2951 adolescentulo
1101 2896 1336 2951 Vrsinus
1389 2896 1839 2951 adulescentulos
1885 2899 1998 2953 cod.
2120 2896 2214 2950 uel

207 2983 339 3033 quae
377 2967 645 3049 desperat
667 2970 970 3037 nupturam
999 2983 1057 3021 se
1084 2966 1207 3021 uiro
1235 2967 1659 3023 adulescentulo
1689 2970 1927 3024 Bothius
2048 2974 2079 3021 2
2119 2968 2213 3022 de-

204 3036 393 3091 tritum
427 3057 470 3094 a:
513 3037 775 3093 retritum
810 3041 923 3095 cod.
963 3043 1088 3109 (cor
1119 3038 1266 3107 XIX)

1139 3189 1281 3247 XXI

211 3286 531 3358 sonticam
595 3312 730 3356 esse
796 3291 1050 3376 oportet
1114 3312 1396 3376 causam,
1460 3291 1933 3376 quamobrem
1990 3290 2216 3376 perdas

1473 3398 1823 3462 mulierem.

344 3518 543 3573 Festus
587 3537 642 3589 p.
673 3524 776 3573 290
802 3519 876 3574 Μ.
929 3518 1300 3575 ‘sonticum
1343 3519 1601 3573 morbum
1646 3517 1707 3572 in
1753 3518 1857 3571 XII
1903 3517 2217 3589 significare

216 3587 294 3642 ait
317 3588 508 3644 Aelius
537 3589 681 3645 Stilo
710 3593 921 3644 certum
950 3606 1077 3644 cum
1102 3589 1256 3644 iusta
1281 3607 1469 3660 causa,
1508 3605 1674 3657 quem
1704 3606 1819 3643 non
1844 3589 1990 3643 nulli
2016 3590 2219 3658 putant

317 3687 470 3731 Scaen.
499 3701 622 3740 poen.
649 3690 779 3731 Rom.
807 3690 969 3743 fragm.
999 3691 1068 3732 ed.
1097 3690 1329 3731 Rmnncx.
1370 3690 1433 3730 11.
1872 3683 1902 3729 3
