2610 4007
961 185 964 189 ·
1047 169 1108 225 L.
1142 168 1510 223 AFRAers
2114 137 2117 140 “
2158 167 2288 231 237

409 327 593 381 Schol.
618 328 821 382 Veron.
851 326 912 381 in
934 327 1100 399 Verg.
1121 328 1259 383 Aen.
1280 328 1332 381 X
1361 332 1466 381 564
1487 326 1710 382 “tacitis
1737 326 2000 396 regnauit
2026 326 2292 397 Amyclis.

264 399 672 453 Adnotandum
717 399 869 467 quod
913 398 976 452 in
1021 399 1282 469 catalogo
1328 398 1496 452 huius
1540 415 1655 453 non
1694 397 1967 453 meminit.
2042 397 2292 467 Amyclis

266 486 338 524 ex
371 470 673 539 prouerbio
714 513 726 523 .
749 513 760 524 .
785 514 796 523 .
836 473 1123 539 sumptum
1159 472 1261 538 est,
1300 469 1459 523 cuius
1488 468 1754 523 Afranius
1782 468 2040 524 meminit
2074 468 2135 523 in
2162 471 2293 525 Pro-

264 540 413 597 dito:
454 539 850 596 deliberatum’
882 558 929 597 e.
951 559 1003 610 q.
1026 559 1066 597 s,
1138 541 1217 596 cf.
1249 540 1474 596 Servius
1500 540 1562 593 in
1588 540 1685 597 1.1.
1722 540 1882 612 (item
1915 540 2087 595 schol.
2116 540 2292 596 Paris.

264 612 328 666 in
365 611 540 667 Statii
568 612 741 667 Theb.
770 612 849 667 IV
876 618 979 667 259
1018 614 1103 668 ed.
1142 630 1178 667 a
1213 612 1358 667 Phil.
1387 612 1709 666 Kohlmann
1742 611 1805 665 in
1838 629 2022 681 progr.
2052 612 2290 666 Posnan.

271 689 408 737 1873
445 702 499 753 p.
524 685 612 753 12)
654 683 806 738 ‘hinc
844 686 930 738 est
966 684 1118 754 quod
1156 683 1239 738 ait
1273 682 1611 739 Lucilius:
1657 682 1824 737 mihi
1869 699 2151 737 necesse
2190 686 2295 737 est

263 754 488 822 loqui:
524 772 676 809 nam
713 754 856 809 scio
894 755 1213 824 Amyclas
1249 755 1546 809 tacendo
1582 753 1918 824 periisse.’
1985 755 2049 808 In
2087 753 2291 822 quibus

262 824 473 880 Lucilii
514 842 719 880 nomen
765 842 947 880 errore
998 826 1271 896 positum,
1329 828 1516 881 cetera
1568 829 1759 880 autem
1800 842 1979 895 prava
2022 824 2293 880 memoria

263 899 404 965 puto
452 896 740 951 destructa
785 914 933 966 esseg
979 897 1202 952 Afranii
1247 897 1422 952 verba
1465 897 1730 952 laudasse
1765 896 2046 952 Lucilium
2087 896 2293 951 statuit

263 968 330 1023 R.
350 967 775 1023 Bouterwekius
804 971 1046 1036 quaestt.
1072 968 1246 1023 Lucil.
1274 987 1329 1038 p.
1352 975 1439 1036 29,
1477 968 1576 1037 qui
1604 971 1754 1023 certe
1788 984 2047 1022 numeros
2089 971 2291 1037 poetae

263 1055 381 1092 non
417 1039 718 1093 adsecutus
756 1042 858 1095 est.
919 1039 999 1095 cf.
1029 1039 1393 1121 pervigilium
1419 1039 1654 1095 Veneris
1690 1059 1743 1095 v.
1766 1045 1833 1094 92
1875 1039 1979 1093 ‘sic
2007 1039 2289 1109 Achlas‚

265 1126 394 1163 cum
430 1112 701 1180 tacerent,
737 1110 989 1180 perdidit
1024 1110 1352 1166 silentium?

412 1222 439 1269 1
480 1233 569 1271 me
609 1218 982 1287 Hermum
1019 1236 1121 1273 om.
1155 1221 1271 1274 cod.
1454 1224 1486 1272 2
1524 1217 1867 1272 Amunculas
1903 1218 2294 1299 Hertzberqius

264 1304 404 1342 mus,
432 1288 607 1343 Rheu.
641 1295 723 1357 13,
754 1295 857 1343 639
886 1291 1167 1359 persuasit
1193 1290 1489 1345 Bitschelio
1516 1306 1698 1359 opusc.
1727 1290 1807 1343 ΙΙ
1826 1294 1947 1358 503,
1985 1292 2082 1359 qui
2117 1292 2292 1343 etiam

264 1358 570 1427 Amyculas
602 1367 971 1429 temptaverat.
1009 1360 1274 1430 Amyclas
1303 1362 1418 1417 cod.
1456 1360 1721 1429 Amyclas
1759 1358 1910 1414 enim
1935 1361 2294 1417 Hermarmus

372 1430 615 1484 tacendo
661 1430 894 1500 periisse
940 1433 1018 1488 H.
1054 1433 1299 1501 Keiliu8‚
1347 1433 1442 1487 cui
1485 1433 1549 1486 iu
1593 1434 1707 1488 cod.
1754 1433 1922 1485 tacen
1970 1474 1982 1486 .
2014 1474 2026 1486 .
2059 1476 2070 1485 .
2119 1430 2291 1485 erisse

266 1503 536 1571 apparuit

1248 1619 1314 1677 H

265 1717 365 1782 Tu
411 1719 812 1783 senecionem
856 1719 1028 1783 hunc
1073 1719 1232 1784 satis
1278 1723 1378 1784 est
1423 1719 1478 1784 si
1524 1720 1766 1803 seruas,
1813 1741 1989 1784 anus,

266 1911 353 1964 tu,
386 1838 730 1978 eP1(-lisci3ianus
766 1857 820 1910 p.
852 1846 954 1893 618
991 1839 1052 1896 P.
1091 1840 1283 1895 ‘senex
1320 1840 1595 1895 senecio
1629 1839 1896 1895 Afranius
1933 1840 1995 1894 in
2030 1839 2290 1895 Prodito:

409 2020 601 2073 seruat
637 2019 816 2090 Bouy.
962 2036 1131 2073 sanus
1168 2021 1366 2076 Bamb.
1403 2027 1567 2073 ²*anus
1609 2021 1769 2075 Grut.

1231 2188 1327 2246 HI

267 2340 282 2353 .
332 2287 669 2374 Remeligo
726 2310 763 2352 a
815 2287 1090 2353 Laribus
1144 2288 1340 2353 missa
1394 2311 1537 2353 sum
1591 2289 1762 2354 hunc
1818 2311 1979 2373 quae
2034 2309 2291 2353 cursum

1438 2395 1787 2461 cohibeam.

410 2517 611 2570 Festus
648 2534 701 2584 p.
733 2521 837 2570 277
874 2516 949 2571 Μ.
991 2516 1455 2588 ‘remeligines
1499 2520 1559 2572 et
1601 2534 1850 2572 remorae
1888 2533 1923 2570 a
1959 2517 2289 2571 remorando

272 2587 458 2642 dictae
515 2589 647 2640 sunt
690 2618 762 2626 —
809 2588 881 2641 ab
931 2587 1165 2642 Afranio
1220 2587 1281 2641 in
1334 2588 1591 2644 Prodito:
1647 2587 1917 2658 remeligo
1970 2605 2004 2641 a
2052 2587 2289 2642 Laribus

267 2658 440 2714 missa
469 2676 594 2712 sum
620 2658 766 2712 hanc
795 2675 940 2726 quae
978 2676 1199 2713 cursum
1228 2658 1610 2732 cohib[eam].'
1662 2658 1741 2715 Cf.
1771 2661 2057 2728 Roeperus
2085 2658 2288 2713 Philol.

267 2730 359 2855 IXd
379 2737 423 2856 ἰ
419 2736 484 2784 73
532 2728 942 2799 Remeliginem
985 2729 1169 2800 ipsam
1204 2729 1363 2799 loqui
1399 2733 1550 2786 recte
1589 2730 1650 2786 Ο.
1682 2730 1984 2786 Muellerus
2022 2729 2308 2786 statuisse*

265 2819 325 2854 vi
365 2817 395 2856 e
423 2819 504 2856 ur.

412 2908 657 2978 Explere
682 2909 909 2963 initiwn
934 2925 1119 2963 versus
1147 2910 1320 2977 uolui,
1357 2910 1491 2978 quia
1515 2911 1678 2964 varia
1702 2911 1915 2964 ratione
1941 2909 2063 2977 fieri
2090 2914 2292 2979 potest:

268 2980 401 3033 nam
443 2978 737 3049 Remeligo
784 2986 885 3035 aut
928 2978 1218 3049 Remeligo
1266 2995 1398 3050 ergo
1411 3023 1425 3048 ‚
1475 2981 1594 3036 alia
1637 2988 1702 3035 ut
1744 2983 1972 3036 mittam.
2117 2979 2289 3033 missa

271 3067 394 3104 sum
433 3053 441 3119 Ι
482 3050 774 3120 Remeligo
822 3068 865 3106 e.
904 3068 952 3120 q.
990 3068 1031 3107 s.
1080 3051 1264 3106 Fabia
1317 3068 1478 3106 revue
1521 3052 1586 3107 de
1632 3053 1824 3121 philol.
1872 3051 2053 3106 XVIII
2107 3053 2291 3120 (1894)

262 3138 321 3190 p.
353 3127 454 3175 142
669 3121 814 3176 hanc
860 3124 973 3178 cod.
1029 3122 1139 3176 huc
1190 3122 1423 3178 Vrsinus
1636 3121 1931 3178 cohibeam
1977 3124 2290 3194 Stephanus

271 3191 435 3246 cohib
467 3236 478 3248 .
512 3237 523 3248 .
558 3237 567 3246 .
613 3194 726 3248 cod.

1118 3307 1438 3368 PROMVS

1258 3433 1290 3491 I

270 3530 360 3597 Vt
406 3531 569 3598 scire
614 3533 822 3618 possis
831 3583 849 3617 ,
894 3532 976 3597 ad
1023 3554 1150 3617 quo
1198 3536 1260 3598 te
1308 3533 1604 3617 expediat
1649 3534 1846 3618 loqui.
