2610 4007
356 148 442 215 96
986 149 1245 206 LVSCIV
1247 151 1282 206 S
1320 150 1574 205 LANVV
1574 150 1654 205 IN
1656 150 1744 205 VS

493 310 671 364 Varro
709 310 780 363 de
816 310 853 364 l.
883 310 919 364 l.
950 310 1055 365 VII
1092 315 1195 364 104
1236 310 1505 365 ‘Maccius
1543 310 1604 364 in
1632 311 1837 366 Casina
1875 329 1910 365 a
1946 311 2242 382 fringuilla
2274 356 2286 369 .
2318 356 2332 369 .
2365 359 2378 370 .

352 388 390 450 †
425 398 550 435 sues
591 381 883 435 auoluerat
918 380 1024 435 ita’
1066 398 1113 436 e.
1134 400 1186 450 q.
1209 400 1250 436 S.
1311 381 1504 436 Sueti
1542 386 1635 451 (sc.
1677 382 1855 453 Suei)
1896 399 1931 437 a
1966 383 2375 438 uolucribus

346 453 417 508 Ο.
464 451 782 508 Muellerus,
857 451 1014 506 Suei
1070 470 1104 506 a
1161 453 1445 507 colubra
1499 453 1799 508 Baehrens.
1872 454 2235 509 quentius
2291 456 2374 509 ab

350 523 544 578 ulula
599 523 946 578 conieceram
995 540 1134 578 mus.
1172 524 1349 579 Rhen.
1389 524 1596 579 XXVII
1634 530 1761 580 183:
1810 524 1879 579 cf.
1920 525 2110 580 coroll.
2149 526 2374 581 XXXII.

494 629 579 683 ita
612 628 856 685 tradidi:
893 629 1031 698 quid
1066 630 1164 686 ni?
1200 646 1383 699 neque
1420 630 1526 684 hili
1554 630 1916 705 (existumo)
1945 632 2226 690 Iudicium
2261 677 2273 688 .
2296 676 2309 688 .
2333 675 2347 688 .
2372 675 2387 688 .

349 700 582 756 trittiles
631 700 898 774 (Voces)
944 704 1076 757 olim
1130 704 1265 757 lusi.-
1319 718 1469 757 nwnc
1522 704 1587 757 in
1631 704 1913 772 desperato
1949 704 2067 759 loco
2100 706 2230 759 ‘nolo
2266 722 2387 759 am-

344 775 501 843 plius
528 773 855 841 periclitari.
912 771 998 826 ita
1024 772 1355 842 tragoediae
1386 774 1395 845 1
1427 790 1541 841 qua
1567 772 1629 827 in
1654 775 1713 827 re
1742 790 1925 842 neque
1952 774 2014 830 in
2040 773 2154 829 iud.
2186 792 2229 831 e.
2258 793 2308 846 q.
2338 793 2386 831 ε.

354 845 478 898 Bue
513 860 648 898 mus.
688 843 862 899 Rhen.
901 843 1081 897 XXIX
1120 849 1221 898 197

356 1076 738 1160 scrupipeda
1346 994 1405 1052 V

492 1198 670 1252 Varro
708 1199 778 1252 de
814 1197 852 1253 l.
880 1197 917 1254 l.
948 1199 1052 1254 VH
1090 1205 1156 1254 65
1195 1200 1269 1254 Μ.
1313 1199 1826 1269 ‘scrupipedam
1860 1199 2121 1255 Aurelius
2173 1201 2376 1256 scribit

351 1268 424 1323 ab
463 1268 819 1339 scauripeda:
874 1270 1164 1325 quentius
1203 1270 1449 1325 comicus
1487 1270 1715 1325 dicebat
1752 1288 1787 1326 a
1823 1271 2130 1327 uermiculo
2167 1271 2372 1342 pilos0‚

350 1340 449 1408 qui
486 1340 630 1394 solet
667 1357 788 1395 esse
829 1340 890 1394 in
925 1341 1122 1396 Fronde
1160 1358 1287 1396 cum
1323 1341 1517 1397 multis
1554 1342 1820 1412 pedibus3
1855 1342 2116 1397 Valerius
2155 1360 2190 1398 a
2224 1345 2374 1414 pede

350 1427 418 1464 ac
457 1413 730 1481 scrupea'
806 1412 887 1467 Cf.
925 1412 1116 1468 Plauti
1152 1412 1218 1467 fr.
1260 1418 1365 1467 100
1402 1413 1526 1468 Sch.

829 1794 1252 1883 LVSOIVS
1326 1795 1913 1884 LANVVINVS

497 1942 855 2013 Cognominis
901 1943 1140 1998 formam
1183 1944 1583 1999 Lanuvinus
1629 1944 1941 2000 vindicavit
1983 1943 2256 2000 Dziatzko
2295 1946 2371 1999 ad

357 2014 480 2069 Ter.
518 2014 739 2070 Phorm.
782 2022 828 2070 1.

1208 2149 1537 2208 PHASMA

535 2266 828 2331 Donatus
899 2266 969 2331 in
1039 2266 1180 2332 Ter.
1236 2290 1375 2332 eun.
1431 2269 1592 2354 prol.
1649 2269 1688 2332 9
1753 2269 1967 2334 ‘idem
2038 2268 2373 2335 Menandri

351 2371 631 2438 Phasma
684 2395 857 2438 nunc
908 2395 1115 2459 nuper
1168 2374 1371 2460 dedit]
1430 2375 1591 2441 bene
1647 2397 1819 2440 nunc
1869 2398 2106 2461 nuper,
2165 2380 2241 2440 ut
2299 2398 2379 2441 ex

346 2479 682 2544 uicinitate
755 2479 910 2544 facti
988 2480 1282 2546 ostendat
1345 2482 1512 2547 nihil
1575 2504 1708 2547 esse
1774 2481 2118 2547 dicendum
2183 2504 2377 2567 quam

352 2585 750 2670 displicuerit
794 2586 951 2651 haec
997 2587 1327 2653 comoedia
1372 2588 1588 2653 Luscii
1635 2587 1985 2674 Lanuuini,
2038 2578 2379 2672 propterea

351 2691 526 2776 quod
582 2714 682 2756 res
742 2714 961 2758 recens
1023 2694 1110 2758 sit
1173 2698 1237 2759 61
1301 2717 1521 2760 omnes
1585 2695 2007 2760 meminerint.
2097 2693 2378 2758 Phasma

349 2802 565 2863 autem
609 2822 842 2865 nomen
889 2805 987 2866 est
1030 2801 1285 2867 fabulae
1333 2801 1715 2868 Menandri.’

485 2919 842 2974 Menandri
868 2938 1072 2976 nomen
1101 2923 1359 2978 additum
1385 2926 1616 2993 propter
1632 2921 1831 2993 Φάσμα
1852 2920 2197 2976 Philemonis
2226 2919 2370 2992 (Φά-

343 2987 506 3060 σμαῆ
531 2990 870 3062 Φιλάργυρος
888 2993 1236 3065 Theogneti).
1275 2995 1420 3049 Acta
1446 2994 1690 3065 primum
1708 2993 2008 3048 Eunuchus
2038 3010 2088 3047 a.
2112 2993 2340 3066 593s161
2356 3036 2369 3048 .

1090 3197 1624 3257 THENSAVRVS

484 3310 776 3366 Terentius
814 3328 937 3367 eun.
966 3312 1106 3382 prol.
1139 3319 1207 3368 10
1247 3314 1440 3383 ‘atque
1477 3313 1538 3368 in
1575 3313 1901 3367 Thensauro
1939 3311 2165 3382 scripsit
2203 3327 2326 3364 cau
2345 3343 2369 3352 -

342 3398 482 3435 sam
535 3382 762 3438 dicere
816 3383 1036 3452 Prius,
1093 3384 1268 3440 unde
1322 3384 1613 3455 petitur,
1670 3401 1904 3438 aurum
1958 3400 2092 3452 qua
2145 3398 2213 3436 re
2267 3381 2369 3436 sit

342 3469 554 3522 suum,
595 3453 806 3518 Quam
851 3454 975 3508 ille
1021 3454 1137 3523 qui
1183 3456 1389 3537 petit,
1447 3456 1622 3510 unde
1677 3455 1735 3508 is
1793 3455 1887 3509 sit
1940 3454 2367 3507 thensaurus

343 3522 501 3591 sibi,
540 3524 673 3578 Aut
709 3525 884 3579 unde
921 3525 991 3579 in
1024 3530 1327 3596 patmum
1362 3529 1865 3582 monumentum
1913 3523 2367 3595 peruenerit.’
