2610 4007
496 203 556 258 L.
596 202 1016 257 POMPONIVS
1053 203 1539 260 BONONOENSIS
1610 205 1883 260 NOVIVS
2073 206 2201 270 307

182 362 596 461 urbanitatem,
643 366 708 417 ut
752 364 1160 432 Pomponius
1206 368 1442 418 noster
1488 382 1587 418 suo
1624 365 1743 419 iure
1779 365 1960 434 possit
1997 366 2203 421 dicere:

182 453 298 488 n1S1
361 450 407 488 e.
441 452 492 502 q.
526 453 568 488 s,

1136 567 1221 624 IX
1237 565 1267 625 ⁴?

186 667 465 744 Quidam
505 667 660 732 adeo
698 668 766 731 in
802 667 1081 731 latebras
1115 668 1440 753 fugerunt,
1478 673 1552 733 ut
1580 650 1812 753 putent,
1846 669 1915 732 in
1947 669 2206 734 turbido

178 774 362 839 'Esse
411 774 724 859 quidquid
770 776 867 838 est
912 775 981 837 in
1024 774 1183 838 luce.

328 897 545 951 Seneca
580 895 741 965 epist.
777 901 826 962 3,
866 900 896 948 6
940 894 1161 962 ‘itaque
1198 895 1304 949 hoc
1343 895 1494 964 quod
1542 896 1721 965 apud
1766 896 2208 966 Pomponium

184 968 318 1038 legi,
358 967 547 1022 animo
585 965 970 1021 mandabitur:
1009 965 1261 1034 quidam’
1294 983 1340 1020 e.
1372 985 1423 1035 q.
1455 984 1498 1022 s,

327 1080 356 1126 1
396 1073 664 1142 fugerunt
699 1074 865 1128 Berri.
915 1071 1268 1142 effungeruniz
1305 1073 1429 1126 Erl.
1477 1072 1861 1142 transfugiunt
1904 1075 2076 1128 Vatie.
2116 1095 2153 1128 α
2173 1096 2205 1144 γ

182 1146 370 1200 Palat.
399 1145 561 1199 Aleoe.
595 1145 765 1200 ottob.
805 1144 1132 1213 refugerunt
1170 1146 1297 1199 boni
1332 1161 1513 1198 omnes
1557 1143 1810 1213 refugere
1846 1145 2100 1200 Haasius

179 1215 335 1284 turpi
380 1215 505 1268 loco
545 1217 668 1270 Erl.
850 1221 881 1267 2
929 1215 989 1266 in
1036 1214 1160 1268 luce
1206 1217 1293 1268 est
1339 1236 1408 1284 ω,
1459 1218 1774 1283 transposui
1819 1233 1942 1270 cum
1987 1218 2204 1272 Haasio

291 1287 427 1341 Nori
463 1287 764 1341 Atellaniei
791 1293 982 1355 poetae
1019 1288 1251 1353 dictum,
1291 1288 1385 1340 sed
1420 1303 1487 1340 ex
1515 1288 1826 1355 philosophi
1861 1288 2006 1342 velut
2042 1288 2202 1343 Pom-

174 1361 316 1428 poni
360 1358 601 1413 Secundi
646 1359 720 1412 ad
769 1358 1062 1412 Thraseam
1113 1359 1250 1412 libro
1297 1359 1668 1426 depromptam
1713 1359 2034 1412 sententiam
2072 1376 2203 1428 pro-

177 1431 387 1484 saicam
423 1446 530 1484 esse
565 1446 716 1483 nunc
752 1430 841 1498 (cf.
871 1429 1053 1483 coroll.
1081 1427 1379 1498 LXXXIH)
1415 1429 1524 1483 sibi
1551 1431 1829 1498 persuasit
1865 1429 1991 1483 Bae

1147 1633 1233 1690 XI

180 1715 447 1780 dicteria

196 1827 202 1832 ⁸
319 1835 641 1891 Macrobius
680 1836 795 1890 Sat.
832 1836 884 1889 H
922 1843 968 1905 1,
1001 1842 1067 1890 14
1107 1835 1346 1891 ‘Nouius
1384 1853 1517 1890 uero
1555 1835 2007 1905 Pomponiusque
2045 1835 2200 1891 iocos

175 1925 290 1961 non
326 1924 453 1961 raro
493 1907 792 1961 dicteria
827 1907 1162 1961 nominant)
1205 1907 1467 1976 (neuius
1505 1908 1723 1977 Bamb.)

1128 2112 1245 2170 XII

178 2195 505 2259 murcidus
2198 2214 2299 2261 195

318 2317 670 2387 Augustinus
700 2317 769 2370 de
798 2316 903 2371 civ.
935 2316 1027 2371 dei
1053 2317 1132 2370 IV
1164 2323 1228 2370 16
1261 2317 1447 2371 ‘deam
1474 2317 1764 2384 Murciam,
1803 2332 1948 2385 quae
1974 2318 2198 2384 praeter

175 2388 407 2443 modum
451 2405 565 2441 non
601 2391 956 2443 moueret-‚ac
999 2388 1211 2442 faceret
1255 2388 1563 2456 hominem,
1611 2391 1676 2442 ut
1721 2387 1804 2441 ait
1838 2386 2195 2455 PomponiuS,

175 2459 583 2527 murcidum,
622 2460 682 2512 id
719 2462 805 2513 est
839 2458 1006 2512 nimis
1045 2459 1389 2514 desidiosum
1429 2463 1486 2513 et
1522 2459 1911 2513 inactuosum)

890 2773 964 2857 N
1011 2773 1072 2858 Ο
1111 2773 1180 2858 V
1223 2775 1262 2856 Ι
1308 2774 1376 2858 V
1423 2771 1474 2858 S

978 2963 1389 3023 AGRIOOLA

312 3082 509 3149 Neque
550 3078 830 3150 ’Ἆγροικος
874 3080 965 3134 vel
1008 3078 1280 3150 ’Ἀγροικοι
1334 3097 1515 3149 neque
1563 3078 1808 3151 Γεωργοί
1855 3080 2192 3135 Graecorum

168 3154 284 3207 huc
320 3152 622 3222 pertinent.

1170 3284 1202 3341 I

165 3387 448 3472 Edepol,
492 3390 825 3471 paternam
850 3370 992 3470 'qui'
1032 3389 1274 3449 comest,
1318 3386 1655 3470 pecuniam

310 3508 529 3563 Nonius
560 3514 646 3577 81,
675 3515 743 3561 24
775 3509 1055 3562 ‘comest
1079 3523 1179 3575 pro
1209 3506 1455 3561 comedit
1484 3551 1494 3561 .
1528 3551 1538 3561 .
1570 3551 1584 3561 .
1610 3507 1827 3562 Nouius
1856 3506 2187 3562 Fullonibus

163 3580 388 3635 feriatis
429 3581 501 3652 [I]
539 3580 690 3633 idem
726 3578 1014 3650 Agricola:
1054 3578 1274 3647 edepol'
1308 3595 1354 3632 e.
1384 3596 1437 3645 q.
1468 3596 1510 3632 s,

1764 3667 1868 3719 20*
