2610 4007
415 195 542 259 356
1062 192 1380 249 DECIMVS
1415 191 1735 246 LABERIV
1737 192 1772 244 S

412 352 720 423 Vergilius:
770 355 828 406 et
874 352 1116 422 clipeum
1162 369 1329 421 super
1371 351 1597 406 intonat
1640 352 1855 421 ingens.
1929 351 2180 406 Licinius
2219 352 2414 406 Macer

418 469 428 479 .
462 468 472 478 .
507 468 516 478 .
557 423 739 493 clipea
773 426 1018 492 portant.
1093 423 1425 477 Lauerius
1463 423 1781 479 Sororibus:
1820 423 1947 477 hoc'
1980 440 2025 477 e.
2056 441 2109 491 q.
2140 441 2182 476 ε.

557 530 814 599 clypeum
850 532 966 586 edd.
1007 528 1220 599 clipeus
1259 551 1300 583 ω
1431 528 1610 598 proici
1647 532 1844 583 contra
1878 529 2103 598 peluem
2138 547 2180 583 x
2209 538 2440 599 propter

426 603 635 656 Veliam
671 602 925 672 Lonywm
963 601 1122 656 GGL
1161 601 1262 654 VII
1299 607 1367 655 65
1407 601 1482 654 K.
1529 602 1600 667 cf.
1639 619 1686 655 v.
1718 607 1786 655 94
1833 601 2029 656 Caecil.
2072 607 2190 655 134.
2239 604 2440 655 contra

417 691 471 742 p.
513 672 696 726 Proici
740 673 947 727 Onions

1389 769 1451 826 H

312 883 431 943 84l5
920 869 1088 933 Laus
1131 870 1393 934 n6mine
1437 870 1647 956 gloria
1693 870 1929 933 alescit.

557 991 772 1046 Nonius
811 998 932 1059 248,
971 997 1004 1044 4
1045 991 1468 1045 ‘adolescere
1506 990 1834 1057 (alescere
1870 993 1926 1058 x)
1969 1005 2238 1058 crescere,
2286 990 2462 1043 unde.

420 1062 834 1117 adulescentem
872 1062 1123 1116 dicimus
1189 1061 1479 1115 Lucretius
1516 1061 1615 1115 lib.
1644 1062 1721 1117 II:
1764 1060 2008 1129 donique
2048 1060 2435 1115 adulescendi’

444 1133 769 1188 ‘alescendi’
799 1134 1048 1203 Lachm.)
1091 1134 1391 1186 ‘summum
1435 1132 1673 1201 tetigere
1710 1149 1993 1186 cacumen.
2065 1131 2337 1186 Laberius
2373 1132 2440 1184 in

461 1204 737 1260 ororibus:
776 1204 922 1259 laus’
956 1221 1000 1258 e.
1032 1222 1084 1272 q.
1116 1222 1156 1257 S.

560 1312 974 1366 Paroemiacum
1010 1312 1231 1380 aynovit
1265 1310 1661 1364 Lachmannus
1695 1310 1860 1364 Lacr.
1892 1328 1951 1378 p.
1984 1315 2088 1362 140
2210 1309 2438 1363 nomine

419 1383 486 1436 H
497 1382 579 1435 'L
598 1383 669 1436 W
701 1381 926 1435 nomine
965 1380 1169 1450 agendi
1204 1380 1429 1434 nomine
1460 1381 1591 1435 GH
1592 1380 1609 1411 ¹
1645 1397 1849 1434 nomen
1877 1382 2280 1435 Lachmannus.
2335 1383 2435 1434 An

419 1452 689 1507 nomini'?
870 1451 1068 1505 alescit
1108 1452 1368 1517 GH1L1,
1406 1452 1797 1506 Lachmamms
1842 1450 2117 1505 adolescit
2154 1452 2223 1505 H
2232 1451 2447 1506 ²L²W

422 1523 659 1578 dolescit
695 1524 750 1577 P
885 1522 1010 1576 laus
1057 1524 1184 1576 011111
1229 1522 1527 1591 adolescit,
1578 1522 1900 1576 nominatur
1944 1521 2127 1592 gloria
2171 1524 2438 1577 Bothius:

418 1598 601 1650 eadem
645 1596 912 1649 sententia
957 1597 1034 1649 eis
1086 1612 1222 1663 quae
1272 1596 1335 1647 in
1386 1601 1537 1648 textu
1582 1596 1749 1662 posui
1796 1594 2134 1663 exprimitur.
2217 1595 2439 1648 Iambos

420 1666 544 1720 laus
580 1682 784 1719 nomen
819 1683 872 1734 g.
911 1664 1202 1719 Adolescit
1237 1666 1370 1719 olim
1403 1666 1662 1719 metiebar

418 1932 687 1997 Ecastor
732 1937 1016 1997 mustum
1063 1984 1323 1998 .....
1371 1935 1887 1998 somniculosum.

562 2053 777 2109 Gellius
813 2056 891 2108 IX
933 2062 1012 2124 12,
1045 2062 1106 2110 11
1152 2055 1321 2110 ‘item
1359 2057 1416 2111 O.
1455 2056 1659 2110 Caluus
1704 2056 1765 2109 in
1805 2054 2082 2124 poematis
2118 2055 2433 2109 laboriosus

422 2126 584 2195 dicit,
631 2143 745 2180 non
781 2130 846 2180 ut
882 2127 1053 2197 uulgo
1093 2127 1298 2181 dicitur
1335 2127 1433 2195 qui
1468 2127 1717 2196 laborat,
1760 2127 1860 2180 sed
1895 2127 1955 2179 in
1993 2143 2102 2195 quo
2141 2126 2435 2180 laboratur

421 2239 433 2251 .
467 2241 477 2252 .
511 2241 521 2251 .
561 2197 758 2251 eadem
793 2197 1014 2252 ratione
1049 2198 1319 2252 Laberius
1357 2215 1577 2267 quoque
1614 2199 1673 2251 in
1711 2197 2027 2253 Sororibus:
2067 2201 2311 2267 ecastor,
2349 2198 2433 2251 in·

421 2268 569 2337 quit,
607 2287 677 2322 m.
715 2269 780 2323 s.’
830 2268 1212 2338 (soporibus
1249 2269 1411 2323 Bern.
1440 2270 1618 2338 Lugd.
1648 2270 1794 2338 Par.)
1866 2267 2082 2322 Nonius
2117 2287 2171 2338 p.
2206 2275 2323 2336 172,
2365 2275 2431 2322 30

424 2340 984 2409 ‘somniculosus,
1050 2340 1200 2409 quod
1266 2341 1338 2393 ad
1403 2357 1624 2394 somnos
1687 2340 1890 2394 uocet.’
1972 2338 2073 2407 (sic
2135 2340 2431 2394 Mercerus,

423 2411 629 2465 ‘uacet’
669 2410 820 2478 libri)

558 2502 805 2560 mustum
857 2501 1135 2558 Mercerus
1187 2500 1427 2553 multum
1480 2521 1521 2553 ω
1708 2500 1925 2554 Ludere
1976 2501 2154 2568 possis
2209 2502 2432 2554 ecastor

419 2572 664 2623 mustum
701 2569 1046 2643 (praebuit)
1083 2570 1324 2624 multum
1360 2589 1401 2625 s.
1440 2571 1750 2640 Displicent
1784 2572 2022 2625 trochaei

1153 2773 1701 2833 STAMINARIAE

561 2887 720 2941 Nihil
773 2887 915 2942 lucis
970 2888 1138 2942 titulo
1191 2892 1291 2942 aut
1340 2889 1588 2943 Petronii
1633 2888 1816 2943 verbis
1869 2906 1914 2943 0.
1953 2895 2020 2943 41
2071 2889 2431 2943 ‘staminatas

423 2958 578 3011 duxi'
612 2962 711 3012 aut
737 2958 1061 3013 Buecheleri
1100 2960 1250 3028 apud
1279 2958 1770 3013 Friedlaenderum
1806 2960 2203 3014 commentario
2242 2961 2433 3041 <aliter

421 3030 571 3083 idem
605 3029 668 3082 in
693 3029 988 3084 Ritschelii
1021 3048 1206 3100 opusc.
1235 3032 1287 3084 H
1316 3034 1439 3099 510)
1478 3030 1708 3085 accedit.
1773 3031 1856 3084 De
1888 3030 2057 3085 mimo
2088 3032 2432 3085 Stammario

422 3100 637 3170 cogitat
673 3100 1028 3155 Woelfflinus
1065 3120 1203 3156 mus,
1233 3103 1408 3156 Rhen.
1440 3108 1524 3170 43,
1554 3108 1673 3156 308.

422 3228 633 3292 T6llet
678 3228 847 3292 bona
890 3229 1015 3293 fide}
1059 3252 1176 3294 uos
1223 3228 1427 3293 Orcus
1471 3229 1672 3293 midas
1718 3229 1787 3293 in
1831 3230 2192 3293 catomium.

564 3349 778 3404 Gellius
806 3348 934 3404 XVI
964 3356 1011 3418 7,
1039 3356 1074 3403 4
1111 3349 1400 3403 ‘Laberius
1442 3393 1451 3404 .
1485 3394 1494 3403 .
1527 3393 1538 3405 .
1576 3366 1757 3418 neque
1783 3367 1897 3404 non
1925 3349 2178 3404 obsoleta
2207 3366 2428 3418 quoque

423 3423 481 3475 et
517 3420 860 3475 maculantia
897 3437 965 3474 ex
1001 3420 1309 3474 sordidiore
1345 3419 1504 3490 uulgi
1540 3438 1643 3473 usu
1679 3420 1855 3490 ponit,
1887 3421 2059 3489 ‘quale
2092 3423 2178 3473 est
2207 3421 2275 3473 rin
2306 3421 2427 3475 Sta-

422 3490 700 3546 minariis:
748 3490 932 3544 tollet’
965 3507 1010 3544 e.
1041 3509 1092 3559 q.
1125 3510 1164 3544 S.
1240 3491 1319 3545 Of.
1362 3491 1550 3546 Cicero
1590 3492 1661 3544 ad
1697 3492 1828 3546 fam.
1859 3492 1960 3546 VH
1998 3498 2062 3545 25
2104 3492 2324 3545 ‘uereor
2360 3509 2429 3545 ne

424 3560 484 3612 111
520 3564 855 3614 catomum
891 3561 1231 3615 Catoninos.’
1289 3563 1371 3615 De
1408 3562 1687 3616 locutione
1719 3562 1801 3615 ‘in
1833 3563 2132 3616 catomum’
2164 3562 2430 3617 disseruit
