2610 4007
338 134 426 199 30
1118 132 1229 188 CN.
1267 133 1588 197 NAEVIVS

235 384 365 446 113¹
380 383 689 449 Pantaleo
736 383 1022 449 Pisatilis
1308 300 1396 360 VI

477 496 676 551 Festus
713 514 767 566 p.
798 502 903 551 210
930 496 1004 552 M.
1056 495 1457 551 ‘Pisatilem
1511 495 1765 566 appellat
1810 494 2060 550 Naeuius
2107 495 2369 551 Panta-

335 567 658 636 leontem,
704 568 765 620 id
811 571 899 622 est
943 583 974 621 e
1010 566 1156 621 Pisis
1199 567 1497 621 oriundum
1544 570 1935 637 tyrannum,
1982 583 2108 620 cum
2145 566 2366 636 alioqui

335 638 468 693 inde
552 638 752 693 rofecti
795 655 943 692 nunc
984 638 1176 692 Pisani
1223 638 1524 693 dicantur?
1599 638 1809 692 Paulus
1845 655 1899 718 p.
1932 643 2031 691 211
2062 637 2135 691 M.
2178 637 2365 692 ‘Pisa—

335 710 497 764 tilem
578 709 774 764 aeuius
812 709 957 764 dixit
993 725 1025 763 e
1050 709 1197 764 Pisis
1234 709 1575 764 oriundum.'
1642 708 2006 763 Pisahtem
2041 707 2195 763 Festi
2235 709 2364 764 cod.

335 779 639 835 Pisatem
693 780 1125 835 Lindemannua
1212 780 1594 835 Pisatidem
1648 779 1964 835 Meinekius
2018 779 2138 834 Del.
2196 779 2362 835 anth.

338 852 430 907 Gr.
460 857 580 907 239.
645 850 974 906 Heraclides
1010 850 1344 905 Politiarum
1381 868 1427 906 c.
1457 858 1490 906 6
1527 850 1681 922 (hist.
1713 851 1906 906 Graec,
1936 850 1988 904 Π
2022 868 2077 920 p.
2099 855 2203 904 213
2232 851 2365 922 M.):

336 919 678 978 Πανταλέων
714 922 1067 996 ἐβασίλευσεν
1103 921 1166 976 ἐν
1190 922 1426 992 τούτοις,
1462 922 1723 996 ὑβριστὴς
1750 923 1848 976 καὶ
1875 918 2127 992 χαλεπός.
2194 917 2366 986 οὗτος

335 991 593 1067 πρέσβεις
634 993 776 1061 πρὸς
830 994 1004 1048 αὐτὸν
1055 992 1328 1057 ἐλθόντας
1378 992 1619 1064 ἐκτεμὼν
1668 992 1953 1064 ἠνάγκασε
2003 1001 2368 1063 καταφαγεῖν

335 1065 467 1127 τοὺς
513 1063 709 1134 ὄρχεις.
784 1063 864 1119 cf.
903 1063 1215 1118 Pausanias
1243 1064 1322 1118 VI
1350 1070 1437 1134 21,
1468 1070 1515 1121 1.
1590 1065 1852 1119 Fortasse
1887 1063 1949 1117 in
1984 1062 2366 1118 Testicularia

336 1134 503 1189 huius
539 1135 766 1204 tyranni
801 1135 1013 1191 mentio
1049 1134 1204 1190 facta
1241 1139 1343 1190 est.

1288 1268 1406 1326 VH

336 1366 615 1433 Tantum
678 1368 777 1434 sbi
839 1368 1048 1434 molae
1112 1370 1426 1455 crepitum
1493 1368 1846 1454 faciebant,
1919 1367 2367 1433 tintinnabant

1610 1475 1963 1560 c6mpedes.

476 1580 675 1635 Festus
702 1598 756 1650 p.
778 1585 883 1635 364
899 1580 975 1635 M.
1000 1580 1405 1635 ‘tintinnire
1433 1582 1521 1634 est
1548 1578 1698 1648 apud
1717 1577 2000 1632 Naeuium
2025 1578 2132 1633 hoc
2158 1579 2325 1633 modo
2342 1602 2360 1634 ε

334 1652 579 1705 tantum’
620 1667 667 1705 e.
697 1669 750 1733 q.
781 1669 823 1707 s.
888 1652 1098 1706 Paulus
1136 1670 1191 1722 p.
1213 1657 1318 1706 365
1336 1651 1410 1705 M.
1454 1649 1861 1705 ‘tintinnire
1908 1653 1976 1704 et
2011 1649 2358 1704 tintinna-

336 1721 503 1777 bant
546 1722 796 1776 Naeuius
843 1723 989 1778 dixit
1033 1740 1134 1794 pro
1181 1721 1370 1776 sonitu
1419 1720 1833 1776 tintinnabuli.'
1917 1721 2179 1775 Fortasse
2232 1720 2359 1790 ipse

334 1795 507 1862 poeta
542 1792 679 1861 quid
714 1793 777 1847 in
812 1810 1032 1848 carcere
1068 1811 1268 1864 passus
1307 1793 1384 1847 sit
1419 1795 1671 1849 enarrat:
1709 1792 1778 1847 cf.
1818 1791 1997 1846 Arioli
2034 1792 2098 1846 fr.
2129 1793 2170 1846 Ι.

478 1890 579 1952 ubi
625 1891 886 1947 Vaticani
922 1892 1033 1947 RS
1146 1891 1445 1960 strepitum
1493 1891 1865 1962 Kiesslinqius
1903 1897 2130 1961 propter
2172 1890 2360 1946 Ennii

335 1976 464 2018 com.
493 1978 541 2018 v.
571 1967 622 2017 4.
668 1963 853 2018 molae
890 1962 1175 2034 Crepitt'un
1211 1980 1252 2020 e.
1284 1981 1334 2034 q.
1363 1980 1406 2019 s.
1445 1963 1570 2019 Bue

1273 2095 1424 2154 VHI

235 2215 337 2265 115
360 2247 373 2261 .
400 2200 620 2261 utrum
649 2196 943 2281 scapulae
969 2196 1115 2281 phis
1144 2217 1226 2260 an
1248 2196 1454 2261 collus
1472 2195 1619 2261 calli
1637 2196 1813 2280 (mi)
1835 2195 2096 2280 habeat,
2121 2196 2358 2262 nescio.

478 2307 696 2363 Nonius
734 2313 863 2378 200,
900 2313 968 2363 25
1027 2307 1278 2363 ‘collus
1338 2307 1650 2362 masculino
1689 2349 1848 2363 .....
1886 2308 2144 2362 Neuius
2198 2307 2358 2365 Cor:

337 2380 547 2433 utrum’
588 2395 633 2434 e.
663 2397 716 2448 q.
748 2397 789 2433 s,
863 2378 1195 2449 (Naeuius
1242 2378 1490 2434 Colace
1526 2379 1725 2433 Junius
1762 2378 2058 2434 Animadv.
2089 2379 2166 2434 VI
2196 2385 2262 2434 10
2303 2380 2358 2433 ‘e

340 2449 532 2504 codice
570 2451 713 2519 suo’,
748 2450 1100 2505 Hermannus
1138 2467 1327 2521 opusc.
1355 2450 1408 2503 Π
1437 2456 1557 2505 279.
1594 2449 1724 2506 fort.
1765 2448 2173 2520 Corollaria)

481 2551 741 2603 utrumne
769 2549 1138 2620 Kiesslinyius
1165 2547 1360 2602 ueruni
1394 2565 1459 2604 ωε
1496 2550 1789 2618 expleverit
1807 2550 2051 2618 fm'mam
2152 2549 2360 2603 llabam

337 2637 380 2675 e.
418 2637 461 2676 c.
502 2621 600 2674 sed
635 2621 720 2676 vel
761 2637 894 2674 nam
930 2623 1011 2675 vel
1047 2623 1129 2689 (ut
1164 2620 1310 2689 Rue)
1347 2619 1498 2687 quod
1653 2618 1781 2689 plus
1819 2619 2058 2689 angulus
2160 2619 2215 2672 L

338 2691 550 2746 habeat
594 2690 727 2745 calli
764 2692 1120 2747 Her-mannus
1301 2770 1386 2827 IX

338 2868 566 2956 'Ecqui
611 2873 808 2937 fuerit
852 2871 1174 2956 persibus‚
1218 2892 1365 2935 cum
1403 2870 1654 2957 argenti
1700 2870 1880 2935 adest
1927 2870 2177 2936 oratio?

478 2983 676 3038 Festus
705 3003 761 3054 p.
783 2989 885 3038 217
900 2983 976 3038 Μ.
1001 2983 1349 3053 ‘persibus
1364 2984 1380 3010 ’
1412 2981 1517 3052 (ita
1537 2982 1788 3053 Scaliger
1809 2981 1963 3039 Coni.
1991 2982 2052 3036 in
2070 2982 2226 3036 Varr.
2252 2987 2358 3037 160

336 3054 648 3124 persicus
686 3055 829 3124 cod.)
869 3055 1218 3124 ‘peracutum
1263 3053 1578 3124 significare
1614 3054 1866 3122 uidetur,
1913 3057 1979 3108 ut
2013 3054 2248 3108 Plautus
2286 3084 2357 3095 —

339 3125 612 3181 Naeuius:
650 3129 710 3181 et
745 3125 863 3194 qui’
905 3141 950 3180 e.
981 3143 1033 3194 q.
1065 3142 1107 3179 s.
1181 3125 1262 3181 cf.
1299 3125 1634 3180 Demetrius.

479 3225 538 3278 et
582 3223 679 3291 qui
723 3222 895 3276 fuerit
936 3221 1187 3292 persicus
1233 3222 1486 3292 carpenti
1533 3222 1809 3277 adstratio
1855 3224 1969 3278 cod.
1983 3266 1997 3292 ‚
2052 3224 2116 3276 in
2159 3224 2356 3292 quibus

339 3293 502 3348 adest
553 3293 699 3348 ratio
756 3296 921 3349 latere
972 3294 1258 3348 videbatwr
1312 3295 1649 3365 Auyustino,
1716 3294 1999 3363 captanda
2061 3295 2148 3347 est
2204 3292 2356 3347 ratio

337 3365 600 3434 Daceri0,
639 3364 919 3433 carpenda
955 3366 1042 3418 est
1076 3362 1223 3418 ratio
1260 3365 1465 3420 Bothio
1500 3365 1773 3435 (carpenti
1813 3363 2088 3419 adstratio
2125 3366 2357 3420 invicem

338 3438 483 3492 tueri
525 3438 687 3492 sentit
732 3436 876 3506 Rue>
1021 3434 1102 3503 Cf.
1152 3436 1398 3492 Paroem.
1445 3455 1524 3507 yr.
1563 3436 1616 3490 H
1657 3442 1757 3490 727
1806 3444 2012 3507 χρυσοῦ
2057 3439 2357 3498 λαλοῦντος

337 3516 450 3570 πᾶς
484 3505 830 3575 ἀπρακτείτω
867 3504 1028 3577 λόγος
2349 3541 2355 3549 ·
