2610 4007
865 192 870 197 -
952 162 1062 219 oN.
1099 162 1419 219 NAEVIVS
2106 168 2139 230 1
2153 168 2185 231 1

927 328 1386 390 ASTIOLOGA
1399 333 1431 368 '¹‘

299 444 653 514 Asrronoon,
694 444 730 500 i.
764 461 810 500 e.
841 445 876 515 ἡ
913 447 1286 518 &avenel-6709,
1327 447 1540 519 scripsi.

165 554 303 618 Hac
347 554 478 619 sibi
521 554 848 641 prospica‚
890 544 1017 619 hac
1060 557 1314 642 despica
1751 550 1754 551 ⁷
2070 625 2073 628 ,
2224 578 2292 626 25

303 675 527 730 Nonius
560 681 689 746 155,
721 682 788 731 25
841 677 1195 748 ‘prospica
1242 680 1299 733 et
1348 679 1653 750 despica‚
1698 680 1921 734 intenta
1962 682 2021 735 et
2056 697 2187 735 con-

160 746 441 816 templata
470 746 575 817 (sic
603 746 831 802 Onious,
855 749 1278 819 ‘contemplare’
1299 750 1495 806 Bamb.
1520 750 1692 807 Oxon.
1717 751 2081 822 ‘contempla’
2104 756 2184 822 φ).

163 818 377 872 Neuius
405 817 859 889 assitogiola:
897 821 986 874 ac’
1009 837 1055 875 e.
1075 839 1128 888 q.
1152 839 1193 879 s,
1228 822 1462 891 .‘potest
1498 838 1631 892 ergo
1666 823 1958 893 prospicus
1996 826 2055 877 et
2092 823 2188 877 de-

163 888 349 957 spicus
387 889 546 944 diei)
2022 903 2026 908 ’

301 979 411 1033 hac
443 1022 455 1033 .
481 1023 493 1034 .
521 979 630 1033 hac
657 980 895 1035 Bothius
932 996 998 1034 ac
1019 1024 1030 1034 .
1055 1025 1066 1036 .
1088 998 1154 1035 ac
1182 1003 1241 1036 ω.
1293 981 1376 1049 Cf.
1399 982 1791 1056 Lachmannus
1808 987 1872 1039 in
1890 984 2057 1040 Imcr.
2080 988 2185 1038 30⁷

920 1130 1445 1206 CARBONARIA,

298 1245 457 1300 Nota
494 1245 602 1300 hoe
638 1245 865 1300 nomine
900 1246 1090 1302 Plauti
1127 1247 1341 1305 fabula.

159 1353 309 1418 Tsbi
354 1355 530 1419 serui
578 1356 769 1419 multi
813 1356 981 1440 apud
1026 1379 1313 1425 mensam
1358 1361 1595 1423 astant:
1641 1359 1756 1423 ssle
1803 1359 1939 1443 ipse
1985 1362 2182 1445 astat,

1319 1465 1588 1548 'quando
1635 1465 1783 1529 edit.

298 1565 625 1620 Priscianus
663 1584 716 1635 p.
748 1571 853 1620 894
879 1566 938 1622 Ρ.
990 1566 1383 1622 ‘uetustissimi
1429 1570 1624 1622 tamen
1668 1567 1842 1622 etiam
1887 1568 2011 1622 edo
2059 1568 2179 1622 edis

164 1636 279 1690 edit
315 1637 589 1691 dicebant
625 1639 880 1706 correpta
913 1636 1096 1706 prima
1134 1637 1367 1708 syllaba.
1435 1638 1686 1693 Naeuius
1722 1639 1783 1692 in
1811 1638 2179 1694 Carbonaria:

168 1707 290 1761 tibi'
323 1724 372 1764 e.
393 1726 445 1776 q.
471 1725 511 1762 s,
578 1709 713 1762 ‘non
746 1711 937 1778 potest
964 1708 1115 1762 enim
1141 1709 1202 1772 in
1227 1710 1335 1763 hoc
1363 1709 1552 1764 iambo
1580 1709 1931 1780 paenultima
1959 1710 2186 1780 syllaba¹

165 1777 330 1849 longa
377 1795 527 1848 esse,
573 1782 641 1832 ut
684 1778 1049 1850 intellegatur
1092 1780 1485 1854 praeteritum,
1533 1798 1604 1836 ne
1647 1781 1723 1836 sit
1758 1781 2013 1848 σκάζων)
2089 1781 2180 1853 (in

164 1849 579 1905 carbonaria
617 1867 723 1904 om.
765 1849 953 1920 Sang.)
1166 1869 1175 1877 ’

304 1940 606 1995 Trochaeos
640 1941 865 2011 aynovit
896 1941 1229 1995 Ritschelius
1265 1941 1491 2013 Parery.
1521 1940 1547 1992 I
1577 1946 1644 1994 98

925 2089 1429 2150 CLAMIDARIA
1497 2155 1500 2158 Α

297 2197 667 2267 Οιωιωω,
705 2197 742 2251 i.
773 2214 821 2253 e.
850 2197 1354 2267 Chlamydaria.

156 2297 384 2383 Neque
444 2297 791 2362 admodum
850 2320 887 2361 a
939 2297 1157 2381 pueris
1211 2298 1516 2364 abscessit
1570 2301 1777 2383 neque
1833 2300 2175 2367 admodum
2187 2317 2284 2371 26ι

1223 2400 1779 2470 adulescentulust.

295 2507 533 2580 [Sergii]
570 2508 789 2577 explan.
828 2507 887 2561 in
922 2508 1208 2562 Donatum
1242 2507 1379 2563 OGL
1406 2508 1485 2562 IV
1514 2526 1568 2577 p.
1592 2514 1695 2562 559
1737 2510 2061 2565 ‘admodum
2091 2554 2101 2565 .
2127 2556 2137 2567 .
2161 2554 2173 2565 .

158 2579 481 2648 quaesitum
518 2582 605 2633 est
638 2597 775 2632 num
808 2596 910 2648 pro
938 2579 1107 2633 ualde
1133 2596 1312 2646 usque
1340 2579 1607 2649 dicamus,
1647 2582 1706 2633 et
1731 2579 1791 2633 in
1818 2598 1920 2635 usu
1949 2581 2060 2635 fuit
2088 2624 2100 2636 .
2126 2626 2135 2635 .
2162 2626 2172 2635 .

155 2652 307 2721 apud
342 2650 629 2704 Naeuium
662 2650 723 2703 in
761 2649 1126 2706 Clamjdaria:
1162 2651 1366 2718 neque’
1396 2666 1453 2705 e.
1483 2668 1535 2718 q.
1566 2668 1606 2705 s.

298 2752 364 2846 ‚p
381 2819 391 2829 .
410 2774 561 2829 ueris
579 2777 694 2830 cod.
760 2773 1004 2828 abscesit
1022 2777 1134 2830 cod.
1201 2774 1652 2849 adolescentulus
1674 2777 1761 2828 est
1778 2776 1893 2830 cod.
1956 2776 2176 2831 Variati

152 2848 214 2901 in
240 2864 368 2903 voce
404 2845 709 2900 admodum
736 2853 986 2901 accentus
1002 2848 1271 2917 eleyantia
1282 2853 1488 2915 pereat,
1516 2848 1566 2901 si
1582 2847 1854 2902 trochaeos
1871 2848 2174 2903 dimetiaris

1037 2993 1299 3055 COLAX

291 3112 525 3183 Prologi
568 3111 630 3166 in
674 3111 901 3166 Terenti
946 3125 1069 3166 eun.
1109 3117 1176 3165 25
1220 3111 1363 3166 haec
1410 3114 1564 3167 sunt:
1624 3111 1968 3166 ‘Colacem
2022 3128 2170 3167 esse

151 3184 372 3239 Naeui
410 3187 479 3239 et
504 3183 743 3237 Plauti
777 3186 1081 3237 ueterem
1107 3183 1444 3251 fabulam,
1482 3183 1789 3237 Parasiti
1814 3199 2172 3253 personam

154 3254 671 3310 inde’ablatam
714 3256 784 3309 et
826 3253 1094 3308 militis.
1172 3253 1231 3308 si
1276 3253 1339 3307 id
1384 3257 1470 3308 est
1514 3257 1831 3323 peccatum,
1877 3256 2172 3323 peccatum

152 3324 573 3397 inprudentiast
599 3327 835 3394 Poetae,
871 3342 985 3379 non
1022 3341 1132 3393 quo
1169 3325 1382 3378 furtum
1416 3325 1601 3380 facere
1639 3324 1931 3380 studuerit.
1988 3326 2052 3379 Id
2087 3325 2171 3380 ita

152 3412 270 3453 esse
308 3415 412 3453 uos
448 3397 568 3451 iam
603 3396 855 3450 iudicare
890 3395 1165 3465 poteritis.
1240 3395 1449 3450 Colax
1484 3394 1937 3465 Menandrist,
1987 3396 2057 3451 in
2094 3413 2171 3451 ea

153 3473 255 3523 est
300 3468 664 3539 parasitus
720 3467 919 3522 colax
962 3467 1046 3521 Et
1100 3466 1296 3521 miles
1348 3467 1725 3537 gloriosus:
1780 3483 1892 3521 eas
1948 3485 2015 3522 se
2060 3468 2171 3521 hic

154 3556 279 3595 non
324 3543 538 3611 negat
576 3540 910 3594 Personas
956 3538 1407 3593 transtulisse
1445 3538 1514 3592 in
1550 3537 1947 3591 Eunuchum
1982 3556 2172 3594 suam
