2610 4007
377 219 508 284 130
1037 215 1310 272 SEXTVS
1348 216 1726 271 TVRPILIVS

925 387 1032 445 EX
1076 384 1448 445 INOERTIS
1493 384 1831 443 FABVLIS

1362 510 1394 568 I

376 610 528 678 S6la
591 635 693 677 res
756 634 917 697 quae
978 611 1271 676 homines
1336 611 1629 675 absentes
1687 609 1958 695 <n6bis>
2020 612 2394 694 praesentes

1536 716 1708 780 facit.

510 839 878 909 Hieronymus
907 838 1069 908 epist.
1098 844 1167 893 42
1200 839 1245 909 (I
1270 856 1326 908 p.
1358 844 1426 892 94
1455 854 1490 893 a
1517 838 1603 892 ed.
1632 836 1834 907 Amst.)
1876 836 2181 908 ‘Turpilius
2211 838 2385 893 eomi-

371 927 470 965 ous
515 912 826 965 tractans
874 909 953 963 de
997 908 1495 964 uicissitudine
1539 908 1903 963 literarum
1954 908 2128 979 sola,
2181 909 2391 980 inquit,

370 997 476 1035 res
514 984 620 1036 est
654 997 825 1050 quae
861 980 1166 1035 homines
1205 981 1528 1034 absentes
1564 982 1967 1049 praesentes
2004 953 2197 1036 facit
2269 981 2392 1035 Nee

369 1051 574 1106 falsam
610 1051 768 1106 dedit
802 1069 1142 1121 quamquam
1168 1050 1229 1105 in
1254 1067 1315 1105 re
1341 1067 1456 1106 non
1483 1067 1618 1105 uera
1646 1050 2000 1106 sententiam.
2061 1051 2210 1118 Quid
2238 1052 2391 1133 enim

370 1125 480 1192 est,
517 1126 582 1177 ut
616 1122 700 1177 ita
737 1121 945 1204 dicam,
982 1125 1103 1177 tam
1166 1138 1399 1205 raesens
1437 1121 1584 1176 inter
1620 1122 1883 1176 absentes
1923 1139 2096 1191 quam
2129 1138 2233 1204 per
2269 1122 2388 1192 epi-

369 1167 544 1247 stol’as
590 1196 649 1248 et
692 1193 905 1262 alloqui
954 1195 1013 1247 et
1048 1210 1121 1248 au
1212 1209 1243 1247 e
1279 1210 1420 1262 quos
1459 1192 1722 1285 diligas?
1799 1191 1879 1248 cf.
1918 1192 2264 1249 Philemonis
2321 1210 2391 1248 ex

366 1263 607 1352 Apolide
642 1281 859 1319 versus·
917 1266 1042 1355 οὐζὶ
1085 1264 1259 1335 μόνον
1307 1260 1468 1327 οὗτος
1504 1260 1631 1334 εὗρε
1666 1272 1786 1327 πῶς
1818 1264 2133 1405 λαλὲσομεν
2168 1265 2385 1334 Αὑτοῖς,

367 1333 669 1461 ἀπέέοντες
701 1337 879 1391 πολὺν
915 1334 996 1391 ἀπ
1050 1335 1366 1405 ἀλλήλωνχ
1368 1332 1555 1405 (Μόνον
1588 1331 1729 1389 Οὐδ’
1766 1332 1832 1390 ὃν
1859 1355 1890 1389 τ
1960 1354 2072 1391 πον
2104 1307 2385 1427 μηδέποτε

366 1409 481 1476 μηδ
554 1403 633 1471 εἷς
673 1406 846 1462 πάλιν
884 1404 1210 1475 ”Euromo-518¹
1252 1406 1411 1496 ἡμῶν
1448 1378 1641 1496 (ιηδέν,
1689 1403 1897 1478 ἐμβλὲψ
1851 1418 1969 1475 ψας
2007 1404 2072 1461 δέ
2105 1426 2219 1462 που
2261 1406 2386 1461 Τάκ

365 1485 465 1533 τοῦ
501 1475 705 1568 χρόνον
740 1486 840 1534 τοῦ
875 1477 1088 1541 παντὸς
1116 1475 1301 1546 εἴητ’,
1341 1478 1482 1531 ἀλλα
1508 1478 1606 1531 καὶ
1636 1480 1831 1547 Ψυχῆς
1860 1472 2068 1546 ἰατρὸν
2086 1477 2389 1533 κατέλιπεν

363 1547 435 1602 τὰ
471 1548 780 1620 γράμματα.
852 1549 1001 1604 Nam
1038 1548 1107 1603 de
1144 1547 1391 1617 epistula
1427 1547 1580 1617 apud
1613 1549 1915 1616 utrumque
1956 1565 2135 1604 sermo
2173 1552 2277 1603 est.

274 1713 280 1719 ,
506 1655 582 1710 In
624 1656 997 1711 constituendo
1030 1670 1189 1710 versu
1225 1654 1623 1734 Kiesslmyiwm
1665 1660 1878 1709 secutus
1923 1670 2069 1710 sum.-
2125 1654 2246 1710 sola
2293 1671 2388 1710 res

363 1728 452 1779 est
486 1741 631 1793 quae
664 1727 1003 1802 praesentes
1022 1724 1077 1780 h.
1115 1723 1377 1778 absentes
1414 1722 1555 1778 facit
1595 1723 1944 1793 Grautoffius

1146 1915 1150 1919 ,
1351 1857 1415 1915 Π

444 2009 458 2022 .
505 2010 519 2023 .
567 1958 748 2043 quasi
794 1980 940 2024 cum
984 1959 1217 2024 uentus
1260 1958 1390 2024 fert
1433 1980 1665 2023 nauem
1711 1958 1780 2023 1'n
1826 1980 2006 2024 mare

256 2084 362 2132 215
384 2062 709 2130 Secundus
717 2117 736 2152 ‚
782 2066 836 2130 si
883 2066 1028 2151 quis
1071 2066 1418 2151 propedem
1463 2065 1643 2131 misit
1688 2066 1820 2130 suis

378 2170 560 2236 Veh's
603 2172 991 2238 ministrum.

499 2292 744 2348 Isidorus
793 2292 943 2364 Orig.
981 2293 1134 2360 XIX,
1171 2300 1205 2347 4
1247 2294 1522 2363 propes
1568 2292 1746 2361 funis,
1793 2309 1903 2362 quo
1949 2309 2049 2362 pes
2097 2293 2213 2348 ueli
2255 2294 2389 2348 alli-

357 2366 577 2490 affluar,
587 2364 751 2433 quasi
785 2381 958 2434 prope
992 2364 1179 2434 pedes.
1255 2364 1326 2419 de
1362 2381 1474 2433 quo
1512 2364 1822 2433 Turpilius.
1869 2365 2035 2433 quasi
2075 2409 2085 2419 .
2118 2409 2130 2420 .
2162 2408 2175 2421 .
2212 2365 2389 2419 mini-

501 2565 529 2612 1
561 2575 666 2613 eon
697 2558 948 2615 German.
978 2565 1197 2629 uterque
1297 2562 1482 2624 uentis
1524 2558 1703 2614 Germ.
1741 2564 1844 2614 806
1882 2559 2075 2614 uentis
2115 2560 2386 2629 Wolfenb.

356 2631 580 2685 Monac.
622 2630 800 2686 Germ.
839 2635 942 2684 805
1067 2628 1178 2684 fert
1235 2633 1326 2685 est
1361 2631 1441 2686 ed.
1472 2647 1563 2701 pr.
1601 2631 1778 2686 altera
1902 2630 2096 2685 nauim
2134 2632 2267 2688 Par.

354 2699 497 2754 mari
534 2701 758 2757 Monac.
917 2707 948 2754 2
987 2716 1156 2755 secun
1221 2719 1246 2754 s
1284 2702 1466 2757 Paris
1510 2700 1618 2756 θα.
1654 2719 1692 2756 a
1727 2700 1932 2756 sedens
1972 2703 2103 2757 Zitt
2250 2718 2382 2784 pro

353 2771 539 2841 pedon
585 2772 848 2855 Wolfe‘nb.
887 2772 1110 2827 Monac.
1153 2772 1409 2827 German.
1448 2779 1669 2853 uterque
1873 2772 1994 2826 suis
2033 2772 2175 2826 uelis
2211 2772 2384 2826 mini-

356 2845 532 2897 strum
557 2843 762 2898 conieci
787 2842 836 2896 si
858 2842 973 2897 ueli
998 2841 1319 2897 ministrum
1345 2843 1476 2898 Zitt.
1507 2841 1555 2896 si
1583 2842 1698 2897 ueli
1725 2842 1888 2912 (uelis
1927 2843 2107 2899 Germ.
2135 2847 2383 2914 uterque)

355 2912 643 2968 sinistrum
688 2914 951 2982 Wolfenb
989 2914 1214 2970 Monac.
1257 2914 1552 2970 Get-marm
1625 2914 1919 2970 Audacius
1970 2916 2034 2970 in
2078 2916 2209 2970 haec
2252 2932 2383 2971 con—

352 2986 526 3040 suluit
565 2984 936 3054 GrautoffiuS‚
991 2988 1108 3066 qwi
1129 2987 1225 3041 hos
1267 2986 1513 3041 senarios
1556 2987 1864 3066 temtavit:
1926 2985 2091 3054 quasi
2128 2986 2254 3039 eum
2293 3001 2380 3040 se

354 3055 567 3109 eundus
595 3057 797 3110 uentus
833 3055 944 3110 fert
978 3055 1171 3110 nauim
1205 3055 1268 3109 ιιι
1302 3071 1457 3110 mare
1495 3054 1555 3109 Si
1590 3057 1717 3124 quis
1755 3055 2050 3111 sinistrum
2077 3055 2235 3111 misit
2259 3055 2380 3111 ueli

354 3127 661 3197 propedem

1316 3224 1410 3283 III

350 3323 651 3410 glabrum
696 3328 912 3410 tapete

488 3445 709 3517 Nonius
745 3452 867 3516 229,
907 3451 939 3501 5
981 3448 1247 3517 ‘tapete
1284 3446 1505 3517 generis
1542 3446 1744 3502 neutri.
1819 3448 2105 3519 Turpilius
2143 3451 2201 3503 et
2237 3448 2380 3503 Cae·

349 3513 539 3570 cilius.
580 3534 631 3585 g.
661 3518 726 3571 t.’
800 3489 956 3573 Idem
993 3524 1114 3587 542,
1154 3522 1219 3572 18
1261 3519 1409 3587 ‘pta
1420 3521 1553 3587 ete,
1589 3521 1648 3573 te
1747 3535 1818 3573 en
1854 3520 2014 3574 unite
2049 3519 2266 3589 pictum
2303 3519 2377 3573 de

348 3584 628 3639 coloribus
665 3586 837 3642 uariis
876 3632 889 3645 .
918 3631 935 3645 .
964 3590 1001 3646 .’
1077 3588 1156 3643 Cf.
1195 3589 1394 3643 Festus
1430 3607 1483 3659 p.
1523 3595 1623 3644 351
1649 3536 1744 3645 ῗίῃ
1780 3591 2047 3662 (Demetr.
2088 3591 2265 3661 XVII)
