2610 4007
895 160 1264 217 CAECILIVS
1302 160 1602 216 STATIVS
2173 162 2255 225 79

224 320 566 376 Simbolo:
605 320 828 375 audire’
860 337 906 375 e.
928 340 981 389 q.
1004 340 1045 376 s.
1084 321 1424 390 (Symbolo
1453 321 1732 375 Mercerus
1767 321 2085 376 sembono
2124 321 2260 376 (ΞιΗ1

220 392 330 445 LP
368 408 436 445 ex
473 392 828 446 soembolo
866 397 1050 447 ortum
1086 393 1369 446 embono
1408 392 1580 446 ceteri
1617 392 1770 462 libri)

377 514 549 566 quom
584 501 784 569 scripsi
819 500 970 567 quod
1007 520 1049 553 ω
1087 516 1232 568 quae
1269 502 1510 555 Bothius

947 666 1548 727 SYNARISTOSAE

377 781 466 835 Ex
501 781 799 836 Menandri
835 782 1205 851 Synaristosis
1241 784 1384 838 haec
1439 782 1537 850 (IV
1575 810 1642 829 =
1679 789 1783 837 449
1820 782 1935 852 K.):
1982 781 2159 852 Ἔρως
2195 782 2258 837 δὲ

222 863 345 908 τῶν
400 858 560 908 θεῶν
608 852 791 924 Ἰσχὺν
846 854 989 924 ἔχων
1041 857 1303 924 πλείστην
1360 855 1446 909 ἐπὶ
1503 855 1704 909 τούτου
1759 851 2073 908 δείκνυται·
2146 853 2259 907 Διὰ

226 933 442 979 τοῦτον
497 924 820 993 ἐπιορκοῦσι
872 927 1002 989 τοὺς
1057 926 1255 989 ἄλλους
1308 926 1486 989 θεούς
1540 925 1734 979 affinia
1787 924 1967 978 videri
2023 928 2260 995 possunt

228 994 447 1050 amoris
482 994 749 1049 laudibus
788 1013 932 1064 quae
971 999 1102 1050 sunt
1139 997 1290 1066 apud
1326 1000 1580 1051 nostrum
1616 995 1723 1050 inc.
1762 996 1874 1051 fab.
1914 996 2032 1051 XV.

228 1123 400 1188 Heri
446 1125 602 1188 uero
648 1123 1053 1208 prospexisse
1099 1145 1246 1187 eum
1291 1145 1360 1187 se
1406 1145 1485 1187 ex
1531 1124 1794 1209 tegulis:

229 1229 416 1294 Haec
460 1230 789 1294 nuntiasse
835 1234 901 1294 et
943 1231 1312 1294 flemmeum
1359 1234 1696 1314 expassum
1742 1230 1916 1294 domi

383 1350 601 1405 Gellius
638 1351 756 1419 XV,
798 1357 864 1404 15
914 1352 1017 1405 ‘ab
1067 1368 1133 1405 eo
1180 1351 1332 1419 quod
1379 1354 1465 1405 est
1507 1352 1721 1420 pando,
1767 1367 1997 1419 passum
2041 1353 2260 1404 ueteres

235 1422 529 1489 dixerunt,
582 1439 697 1475 non
731 1439 995 1491 pansum,
1044 1425 1102 1476 et
1138 1440 1265 1475 cum
1300 1439 1379 1475 ex
1413 1422 1829 1491 praepositione
1875 1437 2258 1490 expassum‚

235 1512 354 1548 non
391 1510 714 1562 expansum.
788 1492 1065 1547 Caecilius
1100 1493 1161 1546 in
1208 1491 1605 1562 Synaristosis:
1650 1493 1802 1547 heri’
1853 1508 1899 1546 e.
1939 1510 1990 1558 q.
2031 1510 2073 1545 s,
2146 1492 2260 1546 No-

235 1566 368 1618 nius
399 1571 521 1634 370,
544 1570 610 1617 14
652 1565 953 1633 ‘passum
989 1564 1318 1634 dispersum,
1357 1564 1603 1618 solutum
1634 1609 1642 1618 .
1677 1609 1687 1619 .
1721 1608 1730 1617 .
1762 1562 2038 1618 Caecilius
2078 1561 2259 1616 sina-

238 1635 527 1690 ristosis
564 1635 996 1705 (inaristosis
1034 1636 1169 1690 Gen.
1206 1635 1410 1706 Harl.):
1446 1634 1590 1688 heri’
1632 1652 1677 1690 e.
1717 1653 1769 1703 q.
1810 1652 1852 1688 s.

388 1748 415 1794 1
456 1741 577 1796 heri
615 1742 966 1811 pyrrichium
1009 1759 1241 1812 aequare
1286 1744 1673 1797 demonstravit
1709 1742 2044 1796 Bitschelius
2079 1757 2258 1809 opusc.

238 1813 320 1868 ΙΙ
350 1818 454 1869 265
614 1829 841 1882 eumpse
878 1815 1083 1868 conieci
1118 1816 1266 1882 (item
1300 1815 1592 1885 Berykius)
1632 1814 1699 1880 cf.
1739 1831 1785 1867 v.
1826 1818 1893 1866 29
2060 1829 2118 1864 se
2158 1855 2169 1867 .
2203 1856 2213 1866 .
2247 1855 2257 1865 .

239 1885 560 1938 flammeum
595 1901 695 1939 om.
734 1885 957 1938 Nonius
992 1886 1126 1953 (nisi
1160 1887 1303 1954 quod
1340 1901 1398 1937 se
1436 1901 1564 1938 eum
1599 1885 1756 1939 habet
1792 1884 1947 1953 Par.)
2050 1889 2081 1936 2
2119 1882 2260 1936 haec

240 1975 310 2011 m.
343 1974 433 2027 pr.
471 1972 590 2025 sup.
630 1956 818 2011 Petav.
855 1955 958 2009 hec
1006 1956 1152 2012 Voss·
1314 1954 1633 2022 nuntiasset
1669 1967 1713 2023 ψ
1877 1959 1935 2010 et
1971 1953 2261 2009 nuntiasse

239 2029 542 2100 Berykius:
578 2046 657 2082 an
693 2027 1049 2082 ecnuntiasse
1087 2030 1180 2083 et?
1365 2028 1462 2081 din
1499 2030 1556 2097 (i.
1594 2046 1636 2083 e.
1676 2026 1909 2097 domini)
1948 2027 2080 2081 Par.
2114 2027 2258 2081 Voss,

1027 2194 1484 2253 SYNEPHEBI

386 2308 716 2384 Συνέφηβοι
759 2309 1056 2364 Menandri
1102 2313 1248 2364 teste
1294 2309 1557 2364 Cicerone
1606 2310 1674 2363 de
1720 2310 1812 2364 fin.
1850 2309 1876 2363 I
1924 2315 1972 2377 2,
2010 2315 2044 2362 4
2071 2297 2150 2361 ⁹et
2194 2308 2263 2361 de

246 2384 358 2451 opt.
397 2399 523 2452 gen.
562 2398 640 2436 or.
678 2387 760 2436 18.
803 2381 1240 2450 ‘Synephebum’
1281 2385 1532 2435 saturam
1567 2382 1744 2435 Varro
1781 2384 1847 2434 ut
1882 2379 2136 2433 Philemo
2175 2396 2264 2433 co-

244 2453 525 2508 moediam
560 2451 911 2522 inscripsisse
947 2452 1184 2506 videtur.

1236 2567 1267 2624 I

246 2667 321 2733 In
368 2670 584 2733 amore
630 2691 826 2733 suaue
873 2673 968 2733 est
1013 2673 1263 2733 summo
1312 2689 1687 2752 summaque
1732 2666 1953 2752 inopia

246 2774 584 2840 Parentem
631 2775 867 2840 habere
912 2776 1177 2839 auorum
1222 2775 1602 2860 inlepidum,
1648 2775 1715 2838 in
1761 2773 2000 2837 liberos
2268 2791 2369 2841 200

249 2878 623 2966 Difficilem,
671 2881 781 2966 qui
827 2886 892 2946 te
936 2883 1053 2946 nec
1100 2885 1270 2946 amet
1315 2903 1432 2945 nec
1478 2880 1733 2945 studeait
1776 2881 1890 2944 tui.

253 2985 382 3052 Aut
426 2992 500 3052 tu
545 2987 734 3052 illum
779 2989 954 3053 furto
1001 2989 1187 3052 faillas
1232 2993 1346 3052 aut
1389 3010 1504 3073 per
1546 2987 1797 3051 litteras

209 3158 231 3196 5
254 3092 523 3158 Auertas
569 3095 830 3179 aliquod
874 3096 1110 3159 nomen
1155 3098 1267 3159 aut
1310 3116 1426 3178 per
1471 3094 1795 3158 seruolum

254 3198 577 3265 Percutias
620 3201 956 3286 pauidum,
1000 3203 1325 3284 postremo
1374 3224 1411 3264 a
1454 3202 1647 3285 parco
1693 3204 1876 3285 patre
1915 3243 1920 3248 ·

259 3305 432 3383 Quod
477 3311 693 3372 sumas
738 3311 980 3392 quanto
1027 3306 1294 3392 dissipes
1341 3307 1674 3372 libentius!
2270 3322 2371 3369 205

1068 3413 1107 3454 ’Β
1412 3413 1450 3454 ³1⁸

1239 3458 1277 3500 tle

264 3518 453 3596 Quem
498 3521 706 3605 neque
754 3542 881 3605 quo
928 3524 1116 3604 pacto
1162 3520 1382 3584 fallam
1429 3542 1546 3584 nec
1589 3521 1743 3604 quid
1779 3519 1927 3583 inde
1965 3519 2269 3602 auferam,
