2610 4007
728 161 786 215 L.
827 158 1247 215 POMPONIVS
1284 160 1771 216 BONONIENSIS
2128 161 2258 226 283

1199 328 1286 387 IV

225 428 457 513 Incepi
502 428 752 494 contus:
809 429 1131 514 conspicio
1179 429 1492 494 coleatam
1539 430 1880 514 cuspidem.

372 550 592 605 Nonius
630 556 753 619 470,
791 556 857 604 31
910 550 1085 605 ‘intui
1139 553 1198 632 et
1251 550 1490 605 contui
1546 568 1646 620 pro
1692 550 1901 605 intueri
1949 595 1960 606 .
1993 594 2004 606 .
2037 594 2048 605 .
2094 550 2258 604 Pom-

222 622 436 692 ponius
482 622 788 675 Macohis
834 622 1098 692 geminist
1143 621 1398 692 mcoepi'
1440 638 1486 677 e.
1517 640 1569 691 q.
1601 640 1643 678 s,
1718 621 2001 693 (Machis
2036 621 2257 691 Bamb.)

125 723 133 731 -
229 693 381 748 Vide
419 695 714 763 praeterea
749 692 857 748 inc.
887 694 1002 748 fab.
1032 694 1072 748 Ι.

370 798 560 869 incepi
594 800 814 854 Aldina
857 799 1081 869 incoepi
1117 821 1160 854 ω
1305 799 1499 854 contui
1536 817 1635 855 om.
1667 800 1763 855 W¹

740 983 988 1045 MAGGI
1033 984 1327 1045 GEMINI
1368 985 1750 1047 PRIORES?

370 1101 502 1155 Non
554 1100 835 1154 diversam
879 1100 1052 1155 fuisse
1100 1119 1135 1155 a,
1178 1101 1376 1156 fabula.
1432 1101 1716 1172 superiore
1771 1101 1892 1171 ipse
1946 1102 2255 1159 versiculus

226 1171 420 1226 reddit
452 1171 767 1242 probabile.
842 1172 922 1228 Cf.
960 1171 1303 1227 Bitschelius
1340 1173 1563 1243 Parerg.
1601 1174 1627 1227 I
1666 1179 1785 1228 135.

226 1298 403 1376 Quin
431 1299 604 1364 bono
632 1300 847 1364 animo
868 1301 983 1364 es?
1016 1300 1206 1365 uideo
1227 1300 1466 1385 erepsti
1492 1299 1790 1384 primiter
1813 1300 1890 1364 de
1915 1301 2255 1387 pzinnibus.
2296 1320 2361 1367 70

368 1418 590 1474 Nonius
631 1425 759 1489 154,
799 1426 865 1475 25
917 1419 1263 1490 ‘primiter
1317 1438 1418 1491 pro
1473 1420 1677 1491 prime,
1734 1424 1793 1475 et
1844 1421 2103 1491 primitus
2151 1439 2253 1492 pro

224 1490 427 1560 primo,
528 1490 870 1560 Pomponius
936 1491 1168 1546 accius
1233 1491 1500 1562 geminis:
1570 1491 1708 1561 quin
1769 1493 1949 1547 bono’
2014 1510 2061 1548 e.
2110 1511 2161 1561 q.
2211 1511 2252 1547 s.

226 1562 385 1615 Idem
421 1567 554 1629 488,
593 1567 663 1616 30
703 1562 1069 1631 ‘pannibus
1114 1580 1216 1633 pro
1261 1563 1481 1633 pannis.
1563 1563 1906 1634 Pomponius
1951 1564 2254 1618 Macchis

222 1631 495 1702 geminis:
541 1631 715 1687 bono’
765 1651 812 1688 e.
850 1651 904 1702 q.
943 1652 984 1688 s.
1033 1634 1475 1705 (Pomponius
1522 1651 1628 1689 om.
1660 1635 1703 1688 P
1749 1634 2009 1688 machis
2055 1635 2255 1689 BaHP

223 1702 529 1757 maechis
575 1703 724 1773 LW)
803 1704 960 1758 Idem
1005 1710 1137 1776 506,
1175 1712 1245 1760 24
1304 1707 1393 1760 ‘es
1447 1723 1548 1775 pro
1597 1708 1717 1760 esto
1913 1705 2253 1775 Pomponius

227 1773 450 1844 Magis
488 1773 757 1843 geminis:
792 1776 965 1830 bono’
997 1793 1043 1831 e.
1065 1794 1118 1845 q.
1140 1794 1184 1832 s,
1249 1776 1536 1831 Charisius
1572 1795 1625 1846 p.
1650 1782 1750 1831 188
1786 1777 1848 1833 P.
1890 1776 2251 1847 ‘primiterz

224 1845 570 1915 Pomponius
607 1845 959 1900 inMacois
1000 1847 1293 1917 geminis
1340 1847 1719 1917 prioribus:
1762 1847 1911 1903 bono
1950 1847 2137 1903 animo
2176 1865 2251 1918 ee,

223 1916 396 1985 eripis
448 1915 745 1986 primiter.'
823 1917 1200 1999 (prioribus
1247 1936 1277 1973 e
1319 1918 1666 2000 pannibus
1720 1921 1903 1973 ortum
1959 1922 2018 1974 et
2070 1922 2253 1974 trans-

224 1986 479 2058 positum
515 2005 637 2043 esse
674 1988 970 2059 ingemosa
1005 1989 1335 2045 Buechelen
1373 1989 1616 2060 suspicio
1654 1992 1761 2061 est)
1856 2042 1859 2045 ,

365 2094 505 2163 quin
549 2112 651 2150 om.
690 2096 913 2151 Nonius
950 2114 1009 2165 p.
1040 2101 1163 2151 488.
1207 2103 1337 2166 506,
1390 2097 1681 2153 Charisius
1858 2097 2163 2152 bonanimo
2201 2099 2257 2152 P

223 2166 375 2220 bona
415 2165 603 2246 animo
642 2166 738 2220 Ba
899 2169 986 2220 est
1022 2168 1261 2250 Now-p..
1288 2174 1392 2222 154
1428 2190 1470 2221 ω
1633 2167 1800 2223 uideo
1838 2168 2252 2223 om.Gharisius

221 2329 284 2374 ω,
319 2237 980 2389 gffiffissssffidsseffiss'
1009 2240 1555 2381 giesssspffioezvffffi‘
1564 2245 1765 2379 ἔέἱῗέ
1779 2260 1837 2363 οἷ’
1860 2244 2251 2379 ἕῖζξῖξιῗῐᾷἒεῗ

220 2382 340 2434 sius
387 2380 646 2448 eripuisti
682 2380 892 2434 Junius
940 2380 1028 2435 ‘ex
1076 2388 1280 2436 vetusto
1326 2383 1506 2437 codice
1520 2381 1535 2407 ’
1586 2379 1844 2451 erepsisti
1888 2382 2002 2448 fuit
2047 2383 2145 2451 qui
2188 2382 2252 2435 in

222 2452 459 2506 iambico
497 2457 668 2505 octon.
699 2452 944 2519 positum
977 2458 1218 2508 ὑμεναίων
1328 2451 1551 2522 primis
1581 2452 1678 2508 Ba
1704 2471 1764 2524 p.
1794 2457 1899 2508 488
2006 2451 2248 2523 panibus

227 2521 505 2575 F¹1PL²
524 2521 602 2576 W
622 2527 810 2591 9154
882 2524 1156 2578 Personas
1192 2525 1487 2594 distinguit
1522 2541 1562 2579 a:

933 2707 1248 2769 MAGGVS
1293 2707 1537 2768 MILES

1224 2834 1256 2890 Ι

1412 2938 1561 2982 nam
1608 2915 1849 2980 cibziria

215 3021 447 3086 Vicem
495 3021 769 3089 duorum
814 3023 918 3086 1116
963 3043 1244 3086 comesse
1291 3022 1595 3087 condecet

223 3127 469 3192 Solum.

226 3229 650 3371 namplgarlisieus
686 3251 740 3301 p.
765 3238 864 3286 101
894 3232 954 3287 P.
989 3232 1294 3285 ‘duorum
1330 3231 1670 3301 Pomponius
1709 3232 1769 3286 in
1805 3233 2000 3288 Macco
2038 3232 2246 3289 milite:

222 3388 226 3392 ⁴
369 3395 396 3443 1
438 3407 571 3444 nam
610 3390 658 3444 si
696 3390 910 3445 cibaria
947 3394 1027 3447 ed.
1059 3409 1150 3462 pr.
1323 3392 1561 3445 duorum
1598 3392 1780 3446 solum
1814 3409 1904 3446 me
1942 3409 1987 3446 c.
2028 3409 2073 3446 c.
2112 3394 2246 3461 cod„

222 3464 542 3531 transposui
578 3462 785 3531 solum,
830 3465 945 3518 ‘nisi
978 3465 1238 3534 ylossema
1266 3465 1457 3534 potius
1491 3464 1917 3519 existimandum
1951 3466 2070 3519 erit.
2110 3464 2246 3518 duo·

220 3549 344 3585 rum
383 3533 566 3587 solum
605 3550 696 3587 me
734 3550 854 3587 esse
892 3534 1162 3588 condecet
1198 3534 1429 3606 Maehly
