2610 4007
380 171 511 235 350
1033 168 1352 226 DECIMVS
1388 169 1744 224 LABERIVS

1343 366 1441 433 ΠΙ

382 458 816 526 amorabunda

525 579 738 634 Gellius
784 580 862 633 XI
909 585 1001 648 15,
1050 585 1076 631 1
1141 578 1440 632 ‘Laberius
1505 577 1565 630 in
1617 577 1770 631 Lacu
1823 578 2045 632 Auerno
2104 578 2405 633 mulierem

379 654 662 705 amantem
710 650 883 705 uerbo
933 648 1260 703 inusitatius
1313 649 1443 703 ficto
1499 648 2029 704 amorabundam
2085 649 2244 705 dixit.
2329 650 2402 703 Id

378 722 611 776 uerbum
665 720 969 776 Caesellius
1025 720 1246 775 Vindex
1308 722 1368 774 in
1424 719 1824 774 commentario
1887 719 2196 775 lectionum
2249 720 2403 775 anti-

378 811 615 861 quarum
660 809 727 847 ea
772 793 951 863 figura
1000 792 1269 862 scriptum
1315 790 1483 861 dixit,
1541 808 1651 860 qua
1701 790 2040 861 ludibunda,
2090 792 2404 846 ridibunda

379 866 437 918 et
473 864 788 919 errabunda
827 863 1034 918 dicitur
1067 863 1266 917 ludens
1305 865 1363 917 et
1398 862 1586 916 ridens
1625 863 1684 916 et
1720 863 1948 917 errans.’

1019 1101 1230 1160 LATE
1277 1099 1756 1170 LOQVENTES

515 1218 558 1270 L
571 1235 605 1271 a
614 1217 717 1272 tin
728 1234 758 1272 e
785 1217 850 1271 lo
862 1235 899 1285 q
908 1234 947 1269 u
957 1233 987 1271 e
997 1219 1071 1270 nt
1080 1233 1110 1271 e
1123 1234 1148 1270 s
1177 1215 1493 1285 suspicatus
1516 1218 1602 1269 est
1618 1215 1962 1270 Ritschelius
1977 1217 2200 1286 Parerg.
2216 1216 2242 1269 I
2260 1222 2365 1270 143
2379 1240 2396 1272 ε

376 1289 474 1342 sed
502 1288 570 1343 cf.
602 1288 738 1343 CGl.
759 1289 811 1342 Π
836 1293 941 1342 409
962 1287 1025 1342 G.
1051 1285 1411 1357 ‘uaeavvzdyog
1437 1284 1817 1355 latiloquens.’
1875 1287 2127 1342 Medicus
2156 1287 2394 1356 quidam

373 1359 596 1430 ineptus
624 1359 684 1412 in
712 1359 923 1413 anthol.
945 1359 1022 1412 XI
1050 1364 1170 1426 382,
1192 1365 1222 1412 5
1252 1355 1624 1427 πλατυλέσχης
1652 1358 1872 1412 dicitur.
1928 1358 2396 1413 Academicorum

375 1431 838 1501 πλατυρημοσύνης
874 1429 1089 1485 ridetur
1125 1446 1160 1483 a
1196 1430 1430 1484 Timone
1470 1428 1579 1485 sill.
1612 1428 1679 1484 fr.
1709 1429 1964 1486 XXXXII
1988 1430 2078 1484 W.

1366 1615 1398 1673 I
1539 1697 1653 1762 sed
1700 1698 1851 1762 dum
1894 1699 2232 1782 popularia

371 1786 645 1873 Agimus
688 1809 802 1871 per
846 1787 1071 1851 ludum

510 1907 725 1961 Nonius
774 1913 902 1976 150,
951 1913 1018 1961 26
1083 1906 1503 1975 ‘populatia‚
1570 1908 1635 1960 ut
1687 1907 1921 1977 nugalia
1975 1907 2068 1961 uel
2129 1908 2390 1977 puerilia.

369 1977 638 2033 Laberius
675 1978 839 2033 Late
875 1977 1351 2047 loquentibus:
1395 1994 1425 2032 e
1462 1977 1636 2032 dum’
1669 1994 1716 2033 e.
1746 1997 1798 2048 q.
1829 1996 1871 2033 s,

514 2091 542 2138 1
583 2085 681 2140 sed
715 2088 912 2155 scripsi
952 2088 1010 2140 et
1046 2085 1198 2139 FH¹
1240 2102 1270 2140 e
1309 2106 1352 2154 φ
1389 2085 1529 2139 haec
1567 2085 1836 2157 Scaliyer:
1872 2088 1990 2140 alia
2027 2087 2262 2143 ariolari
2294 2089 2388 2155 fa-

368 2159 469 2212 cile
494 2164 573 2212 est
703 2156 1002 2227 popularia
1027 2157 1294 2212 Gesnems
1329 2155 1569 2225 puerilia
1596 2177 1638 2210 ω
1675 2155 1977 2227 populacia
2003 2157 2219 2213 Aldina

1347 2342 1411 2400 H

373 2442 504 2520 Qus
549 2443 776 2527 pedem
833 2465 910 2507 ex
965 2443 1232 2507 taberna
1285 2442 1581 2527 tulimuS‚
1643 2444 1862 2509 tantus
1916 2464 2064 2511 oum
2115 2444 2390 2511 inst-‚urst

1849 2550 2055 2633 pluor.

510 2670 726 2724 Nonius
774 2675 902 2738 220,
943 2676 1025 2723 32.
1064 2668 1332 2738 ‘pluuia
1379 2713 1391 2724 .
1432 2712 1445 2724 .
1485 2713 1498 2724 .
1543 2669 1841 2724 masculini
1891 2669 2163 2724 Laberius
2216 2670 2386 2724 Late

369 2742 719 2810 loquente:
773 2740 898 2809 qui’
940 2756 986 2795 e.
1017 2758 1068 2808 q.
1100 2758 1142 2794 ει.

510 2848 748 2902 instaret
784 2848 1072 2918 Hauptius
1117 2849 1292 2901 staret
1329 2867 1371 2900 ω

1238 3067 1512 3128 NATAL

265 3295 331 3342 60
369 3279 607 3362 cippus.
682 3277 867 3341 obba.
942 3277 1220 3340 camella.
1359 3193 1391 3251 I

509 3399 535 3452 I
563 3417 642 3468 sq.
684 3397 897 3455 Gellius
937 3397 1062 3451 XVI
1101 3403 1149 3467 7,
1187 3403 1219 3451 9
1265 3397 1555 3453 ‘Laberius
1603 3440 1614 3452 .
1648 3440 1659 3452 .
1691 3438 1703 3450 .
1749 3395 1886 3450 item
1929 3395 1991 3449 in
2032 3394 2232 3464 mim0‚
2280 3395 2382 3464 qui

368 3470 693 3524 inscribitur
737 3468 957 3538 natal,
1010 3469 1280 3539 cippum
1326 3467 1465 3522 dicit
1512 3470 1569 3522 et
1614 3467 1855 3522 obbam
1899 3469 1957 3521 et
2002 3465 2378 3522 camellam.

371 3543 428 3593 et
467 3540 833 3608 pittacium
872 3542 930 3593 et
971 3540 1317 3609 capitium.
1390 3538 1606 3607 InduiS,
1644 3537 1853 3607 inquit,
1891 3537 2185 3607 capitium,
2222 3540 2263 3592 t.
2294 3539 2376 3607 p.’
