2610 4007
586 195 689 248 AN
694 195 1117 250 ONYMORVM
1155 195 1514 250 MIMORVM
1549 195 1940 261 RELIQVIAE
2140 195 2270 259 379

242 358 411 421 dixi
475 361 592 421 ter
646 357 916 422 Tullus
982 359 1307 422 dicitur.’
1402 357 1659 442 Stupidi
1718 356 1944 422 Graeci
1999 380 2245 423 comme

242 468 584 529 morantur
629 465 698 528 in
747 463 901 528 CIL
938 463 1033 529 VI
1074 464 1245 528 1063
1280 487 1374 549 sq.
1417 513 1420 516 -
1523 477 1526 480 ’

390 603 596 657 Mimus
632 603 872 658 fortasse
907 603 1181 657 Marullus
1217 603 1344 673 fuit,
1383 603 1542 657 cuius
1578 603 1708 657 vide
1745 603 1810 657 fr.
1840 604 1907 657 H.

394 728 650 783 Fortasse
694 730 873 783 exitus
915 745 1099 783 versus
1141 729 1230 783 hic
1274 729 1415 795 fuit:
1462 727 1578 781 iam
1614 727 1723 782 tibi
1761 728 1878 781 dixi
1915 731 2025 797 ter,
2058 714 2268 783 ⁴Tullus

241 798 563 926 {1812}ssss
603 817 773 870 neque
815 802 906 931 ter
942 798 1138 852 Tullus
1184 817 1353 869 neque
1391 799 1510 853 dixi
1553 803 1641 854 ter
1674 802 1987 869 separanda
2031 803 2272 856 ‘numeris

1200 1022 1318 1080 XII

239 1130 467 1215 (Vos)
510 1130 638 1194 u1‘li
684 1131 884 1194 uultis
931 1133 1139 1195 emere
1185 1135 1250 1195 et
1295 1153 1443 1196 caro
1490 1132 1780 1195 uendere.

391 1268 739 1339 Augustinus
785 1270 855 1323 de
900 1268 1076 1324 trinit.
1115 1270 1243 1324 XIII
1284 1276 1317 1323 3
1376 1270 1555 1323 ‘unde
1608 1269 1712 1324 illa
1766 1270 2058 1325 cuiusdam
2109 1272 2270 1326 mimi

243 1340 593 1395 facetissima
636 1340 997 1409 praedicatur
1032 1340 1353 1410 urbanitas,
1400 1341 1499 1408 qui
1545 1358 1671 1394 cum
1712 1358 1771 1395 se
1816 1342 2165 1411 promisisset
2209 1344 2270 1397 in

246 1413 471 1466 theatro
518 1410 656 1479 quid
702 1411 763 1464 in
809 1412 995 1466 animo
1043 1412 1320 1466 haberent
1366 1415 1422 1465 et
1468 1411 1606 1479 quid
1651 1411 1864 1467 uellent
1912 1429 2101 1467 omnes
2142 1414 2268 1468 aliis

245 1482 397 1537 ludis
445 1499 565 1536 esse
613 1482 919 1551 dicturum,
967 1486 1137 1551 atque
1185 1484 1258 1537 ad
1304 1482 1454 1536 diem
1500 1482 1870 1537 constitutam
1913 1484 2132 1553 ingenti
2178 1502 2269 1539 ex-

244 1553 570 1625 pectatione
605 1554 787 1607 maior
827 1554 1132 1608 multitudo
1172 1554 1499 1622 conflueret,
1546 1554 1830 1623 suspensis
1869 1557 1926 1608 et
1972 1554 2269 1610 silentibus

245 1624 506 1680 omnibus
563 1624 771 1678 dixisse
825 1625 1176 1694 perhibetur:
1241 1625 1373 1678 uili
1434 1624 1652 1679 uultis
1708 1642 1924 1679 emere
1982 1629 2048 1680 et
2112 1644 2267 1682 caro

247 1696 559 1750 uendere.
633 1696 698 1749 In
735 1714 845 1763 quo
885 1696 1036 1750 dicto
1079 1696 1354 1750 leuissimi
1401 1695 1645 1750 scaenici
1683 1713 1872 1750 omnes
1910 1699 2103 1751 tamen
2141 1716 2270 1752 con-

243 1766 514 1822 scientias
568 1765 904 1821 inuenerunt
959 1785 1113 1837 suas,
1171 1767 1335 1835 eique
1391 1784 1526 1821 uera
1587 1771 1718 1821 ante
1775 1768 1965 1823 oculos
2023 1769 2268 1824 omnium

244 1837 558 1893 constituta
595 1841 653 1892 et
693 1841 884 1892 tamen
925 1838 1213 1908 inprouisa
1251 1838 1464 1893 dicenti
1503 1838 1826 1893 admirabili
1871 1839 2065 1894 fauore
2110 1840 2269 1910 plau-

244 1910 481 1963 serunt.’

1175 2060 1349 2138 [XIII

385 2169 593 2234 Iulius
640 2168 1041 2254 Capitolinus
1088 2172 1164 2235 de
1209 2171 1582 2236 Maximinis
1630 2172 1878 2236 duobus
1924 2194 1973 2237 c.
2013 2173 2053 2235 9
2102 2173 2271 2238 ‘cum

250 2276 683 2341 immortalem
739 2298 805 2340 se
858 2299 1058 2361 prope
1104 2278 1388 2342 crederet
1444 2278 1527 2343 ob
1583 2279 2091 2364 magnitudinem
2138 2301 2272 2344 cor-

251 2384 429 2468 poris
473 2381 889 2468 uirtutisque,
939 2384 1173 2447 mimus
1221 2385 1481 2468 quidam
1527 2385 1595 2449 in
1641 2384 1892 2451 theatro
1938 2391 2272 2470 praesente

252 2490 366 2555 illo
433 2488 669 2553 dicitur
731 2511 998 2553 uersus
1065 2487 1393 2555 Graecos
1454 2492 1717 2576 dixisse,
1783 2514 2056 2576 quorum
2116 2493 2273 2557 haec

250 2600 391 2660 erat
447 2595 679 2660 Latina
733 2596 1074 2659 sententia:
1131 2598 1204 2659 et
1264 2596 1394 2679 qui
1455 2597 1543 2660 ab
1603 2619 1750 2662 uno
1810 2620 1956 2663 non
2015 2603 2273 2683 potest

253 2702 535 2786 occidi,
601 2724 637 2764 a
698 2702 964 2765 multis
1031 2701 1431 2767 occiditur.
1531 2703 1894 2787 elephans
1958 2706 2272 2791 grandis

251 2811 370 2871 est
435 2811 507 2872 et
576 2808 985 2893 occiditur,
1057 2808 1174 2873 leo
1239 2809 1473 2873 fortis
1537 2814 1654 2874 est
1718 2814 1791 2874 et
1864 2812 2272 2897 occiditur,

251 2914 489 3000 tigris
541 2915 774 2978 fortis
830 2918 944 2978 est
1002 2919 1074 2979 et
1131 2915 1539 2980 occiditur:
1600 2938 1781 2980 caue
1837 2918 2149 3003 multOS‚
2205 2919 2270 2983 si

251 3022 604 3107 singulos
686 3043 835 3086 non
915 3022 1157 3086 times
1277 3025 1342 3086 et
1427 3022 1584 3087 haec
1664 3024 2048 3108 imperatore
2130 3026 2270 3109 ipso

253 3132 583 3212 praesente
673 3128 803 3192 iam
884 3129 1054 3193 dicta
1133 3133 1300 3194 sunt.
1419 3130 1530 3194 sed
1615 3151 1760 3194 cum
1845 3130 2273 3217 interrogaret

255 3235 495 3299 amicos
505 3285 523 3319 ‚
603 3235 756 3319 quid
827 3235 1123 3300 mimicus
1194 3257 1414 3299 scurra
1488 3236 1781 3321 dixisset,
1864 3237 2104 3300 dictum
2178 3241 2273 3301 est

252 3341 314 3403 ei
398 3340 570 3425 quod
648 3341 948 3425 antiquos
1026 3363 1250 3405 uersus
1325 3345 1611 3406 cantaret
1683 3346 1907 3408 contra
1981 3342 2274 3408 homines

255 3468 513 3530 asperos
569 3447 869 3533 scriptos3
925 3452 989 3512 et
1041 3431 1177 3532 ille,
1232 3452 1307 3512 ut
1363 3453 1499 3512 erat
1554 3448 1769 3513 Thrax
1824 3453 1888 3513 et
1942 3449 2274 3547 barbarus,

225 3572 231 3579 ·
254 3553 595 3636 credidit.']
