2610 4007
265 1400 332 1449 95

376 154 503 217 112
1037 153 1309 208 SEXTVS
1348 152 1724 208 TVRPILIVS

1354 322 1416 379 Π

371 421 590 486 Habes
632 427 1035 507 potestatem.
1085 461 1168 469 —
1215 420 1367 487 'Vbi
1410 424 1795 508 potestatem
1812 422 1846 487 ’Β
1881 413 1979 469 “-
2026 419 2210 487 Senis

369 528 588 594 Preti6
635 530 979 595 contendas
1024 534 1098 594 ut
1141 529 1471 615 redempto
1516 529 1831 594 Phaedria

370 634 593 699 Liceat
636 635 842 701 redire
888 634 1220 720 antiquam
1266 636 1338 699 in
1383 636 1922 701 consuetudinem.

512 757 729 811 Nonius
757 762 879 826 259,
911 763 977 811 28
1019 757 1466 811 ‘contendere
1503 757 1707 812 iterum
1744 757 2025 827 significat
2061 759 2388 824 extorquere

558 827 842 898 Turpilius
887 827 1224 904 Lemonis:
1276 827 1473 883 habet’
1522 845 1567 883 e.
1608 846 1660 896 q.
1701 847 1741 882 s.
1817 827 2239 898 (Lenonibus
2285 846 2385 883 ms.

371 871 558 953 retii.
596 898 896 953 Lemniis
933 898 1083 969 Am.)

515 1012 542 1059 1
581 1004 757 1059 habes
793 1007 990 1075 scripsi
1024 1005 1198 1060 habet
1235 1026 1278 1060 ω
1493 1006 1618 1062 ubi:
1673 1006 1743 1072 cf.
1783 1005 2049 1060 Heimius
2086 1007 2161 1060 ad
2202 1005 2390 1060 Ovidii

370 1077 478 1132 her.
515 1083 566 1146 4,
608 1082 710 1130 150
903 1078 1243 1146 potestatem
1280 1076 1445 1146 senis,
1482 1093 1754 1147 suprascr.
1792 1075 1892 1129 ubi
1928 1078 2286 1145 potestatem,
2326 1077 2396 1131 H

514 1154 546 1200 2
582 1146 893 1201 Phaedriae
934 1147 1280 1217 Grautoffius
1431 1149 1520 1203 De
1554 1149 1821 1205 sententia
1857 1149 1927 1215 cf.
1966 1149 2145 1203 coroll.
2183 1146 2391 1201 XXXV

1334 1281 1427 1339 HI

1429 1383 1636 1466 neque
1677 1381 1903 1446 durare
1947 1382 2237 1465 possum:

372 1485 474 1552 Ita
518 1487 711 1552 huius
756 1487 1093 1553 inscientia
1137 1509 1210 1552 ac
1258 1488 1578 1553 dementia
1623 1489 1942 1553 extorrem
1986 1488 2157 1552 facit.

512 1608 729 1663 Nonius
771 1614 837 1663 14
892 1614 960 1663 30
1010 1609 1339 1663 ‘extorris
1388 1608 1593 1663 dicitur
1638 1610 1795 1663 extra
1842 1610 2048 1663 terram
2093 1609 2185 1663 uel
2230 1612 2391 1664 extra

370 1679 639 1734 terminos
679 1725 689 1734 .
723 1724 733 1734 .
767 1724 779 1734 .
818 1653 1101 1749 alm-pilius
1137 1679 1409 1736 Lemniis:
1448 1681 1650 1748 neque’
1691 1695 1737 1734 e.
1777 1697 1829 1747 q.
1870 1698 1911 1735 e.

516 1792 543 1839 1
581 1802 809 1856 possum
846 1786 1089 1857 Scali92r
1124 1789 1360 1855 possunt
1396 1807 1438 1841 ω
1561 1792 1593 1839 2
1632 1785 1939 1840 insolentia
1976 1786 2204 1857 Maehly
2321 1803 2389 1841 ac

370 1857 606 1912 Bothius
643 1860 813 1925 atque
850 1878 892 1911 ω

1332 1936 1420 1995 IV

369 2036 659 2102 Remulis
703 2039 938 2103 sensim
985 2039 1167 2104 celox
1212 2039 1292 2103 ab
1342 2038 1577 2123 oppido
1622 2040 2032 2123 processerat.

510 2159 726 2214 Nonius
755 2164 874 2229 533,
896 2165 927 2214 5
961 2160 1186 2215 ‘celox
1223 2164 1310 2215 est
1344 2160 1638 2232 nauigium
1672 2160 1859 2230 breue,
1891 2160 2104 2214 dictum
2131 2176 2166 2214 a
2195 2159 2388 2214 celeri-

370 2229 566 2285 tudine
607 2275 617 2286 .
651 2275 661 2285 .
696 2276 706 2285 .
745 2231 1027 2300 Turpilius
1063 2231 1314 2288 Lemnis:
1351 2232 1600 2286 remulis’
1641 2248 1686 2286 e.
1725 2249 1777 2299 q.
1818 2250 1861 2287 s.

511 2336 739 2390 remulis
776 2336 993 2391 Sensim
1028 2338 1280 2408 Bauius,
1319 2340 1463 2408 quod
1496 2340 1693 2405 veria-3,
1727 2340 1778 2392 si
1812 2336 2003 2392 tacitis
2040 2335 2268 2391 remulis
2305 2338 2389 2392 vel

368 2410 478 2463 tale
522 2410 672 2477 quid,
709 2415 774 2462 ut
808 2411 1190 2478 suspicabatwr
1227 2410 1612 2480 Kiesslmyms,
1660 2410 1949 2464 communit
1985 2414 2177 2478 poeta.-
2221 2416 2386 2478 septe-

367 2480 611 2534 narium.
628 2480 777 2534 dedit
816 2479 1163 2548 Grautoffius
1401 2480 1623 2535 Possint
1656 2481 1820 2536 etiam
1854 2482 1999 2535 &nter
2034 2481 2169 2534 duos
2205 2496 2389 2536 versus

370 2552 655 2606 distribui:
692 2549 850 2604 celox
885 2549 973 2603 Ab
1012 2567 1060 2604 o.
1098 2568 1151 2619 p.

368 2728 597 2794 Lembi
641 2729 977 2795 redeuntes
1014 2730 1274 2794 domum
1314 2730 1473 2795 duae
1509 2729 1590 2794 ad
1623 2730 1911 2795 n6stram
1949 2730 2388 2796 adceleranint

1535 2841 1756 2901 ratem.

512 2955 728 3010 Nonius
765 2963 885 3026 534,
926 2963 955 3010 ’1
999 2956 1317 3027 ‘lembus‚
1373 2956 1638 3011 nauicula
1691 2958 1879 3012 breuis
1935 2957 2242 3027 piscatoria
2284 3003 2295 3014 .
2328 3004 2339 3014 .
2374 3003 2387 3015 .

369 3026 654 3096 Turpilius
689 3027 973 3082 Leucadia
1011 3072 1022 3082 .
1056 3072 1066 3083 .
1100 3072 1111 3082 .
1150 3027 1301 3082 idem
1339 3028 1584 3084 Lemnis:
1631 3028 1824 3083 lembi’
1866 3045 1911 3084 e.
1952 3047 2004 3097 q.
2044 3048 2085 3084 s.

513 3134 657 3188 duae
695 3134 823 3203 (due
845 3135 943 3197 W>
979 3156 1048 3191 m:
1085 3138 1154 3204 cf.
1185 3136 1512 3191 Priscianus
1539 3153 1598 3205 p.
1630 3141 1732 3189 658
1763 3135 1827 3190 Ρ.
1868 3135 1977 3189 duo
2004 3136 2214 3191 anius
2313 3135 2388 3190 ad

370 3207 620 3259 nostram
678 3205 1021 3274 Grautoffius
1070 3206 1143 3260 ad
1192 3223 1293 3260 nos
1346 3209 1555 3260 certam
1602 3209 1808 3275 (ceram
1856 3207 1935 3277 P)
1981 3228 2023 3260 ω
2072 3209 2163 3276 (cf.
2202 3209 2386 3264 coroll.

370 3276 595 3346 XXXV)
632 3276 889 3331 certatim
927 3277 999 3331 ad
1035 3279 1285 3332 nostram
1323 3278 1561 3332 Bothius
1593 3279 1837 3333 senarios
1872 3280 2147 3334 dimensus

1333 3409 1421 3468 VI

370 3507 741 3593 Numquam
786 3511 975 3576 unius
1021 3533 1122 3576 me
1167 3511 1536 3596 comparaui
1581 3512 1821 3576 seruire
1867 3511 2268 3598 elegantiam.
