2610 4007
394 154 524 218 316
1265 154 1538 209 NOVIVS

535 314 732 367 Festus
786 333 839 383 p.
880 320 983 368 372
1028 313 1103 368 M.
1164 316 1434 369 ‘uecors
1493 317 1581 369 est
1637 313 1855 368 turbati
1914 332 1980 369 ac
2028 314 2165 368 mali
2212 314 2436 369 cordis-

394 384 673 439 Pacuuius
720 417 789 425 —
837 418 902 427 —
959 389 1018 440 et
1066 385 1328 439 Nouius
1384 385 1453 439 in
1502 386 1797 441 Hercule
1847 388 2189 441 coactore:
2235 385 2433 440 tristi-

396 456 664 510 moniam’
705 472 752 511 e.
781 474 834 524 q.
870 474 911 510 s.
992 457 1289 511 Herculem
1334 460 1651 511 coactorem
1695 457 2071 511 Mommsenus
2115 457 2175 510 in
2218 474 2434 511 comm.

398 528 556 582 acad.
604 527 845 582 Berolin.
906 534 1043 582 1864
1105 546 1160 597 p.
1198 534 1267 582 86
1331 528 1735 597 interpretatur
1801 529 2110 582 ‘lucrorum
2169 528 2254 582 ita
2323 546 2434 598 po·

397 601 636 668 tentem,
684 601 749 653 ut
792 598 914 668 ipse
957 599 1274 654 auctionem
1310 598 1490 653 faciat
1525 602 1584 653 et
1625 598 1791 654 bonis
1829 599 2135 654 diuenditis
2172 617 2435 653 summas

400 669 663 739 redigat.’

545 801 576 848 2
616 793 943 848 deturbauit
978 796 1252 865 Berykius
1289 794 1556 849 deturbat
1593 796 1728 861 cod„
1763 796 2090 850 servandum
2123 797 2186 849 in
2219 802 2441 865 septen.

402 868 565 921 troch.
603 868 812 936 inteyro
848 873 1019 921 censet
1055 867 1196 935 Rue,
1235 868 1513 936 epularem
1549 868 1860 937 intelleyens
1893 868 2228 922 hilaritatem

1221 1104 1611 1164 HETAERA

299 1239 365 1286 41
409 1222 656 1288 Gnatus
702 1222 929 1287 artiuit
972 1224 1211 1307 <suae>
1255 1224 1450 1287 matri
1496 1224 1929 1289 inter-feminis.
1972 1224 2243 1289 fortiter.

544 1362 764 1416 Nonius
801 1368 922 1432 505,
961 1368 1024 1416 31
1071 1362 1346 1416 ‘artiuit
1379 1379 1482 1431 pro
1520 1363 1750 1418 artauit.
1819 1362 2036 1417 Nouius
2071 1362 2288 1417 Dotata
2329 1406 2345 1417 .
2380 1407 2393 1416 .
2428 1407 2443 1417 .

405 1433 557 1488 idem
592 1434 916 1489 Hetaera:
954 1436 1188 1487 conatus
1228 1433 1445 1487 artiuit’
1478 1450 1524 1488 e.
1555 1451 1607 1502 q.
1638 1452 1679 1489 s.
1720 1434 1978 1504 (ethera
2003 1434 2078 1487 W
2114 1434 2316 1488 ethra
2348 1434 2448 1488 Ba

409 1505 647 1559 aethra
683 1505 788 1558 HL
834 1505 1134 1559 Hetaera
1171 1504 1469 1573 Bentinus)

548 1633 753 1699 gnatus
798 1630 994 1698 scripsi
1038 1630 1273 1682 conatus
1319 1649 1361 1682 ω
1418 1645 1545 1682 cum
1586 1630 1755 1682 natus
1794 1630 2103 1683 Palmerius
2153 1631 2443 1698 cognatus

407 1701 486 1755 ed.
527 1702 654 1756 Ven.
703 1703 873 1769 quom
916 1702 1112 1754 natust
1149 1700 1455 1755 Muellerus
1482 1701 1700 1781 prosod.
1732 1700 1925 1755 Plaut.
1956 1705 2058 1753 592
2086 1716 2191 1769 sq..·
2235 1702 2442 1755 melius

410 1771 608 1825 artiuit
657 1788 785 1824 cum
831 1773 1028 1825 natust
1077 1772 1333 1826 scriberes
1491 1770 1872 1825 mterfeminia
1918 1771 2227 1826 Palmerius
2281 1770 2445 1825 inter

409 1841 618 1896 femina
655 1841 912 1912 (feminas
930 1840 1017 1911 Ὀ)
1055 1863 1098 1896 ω

1221 2028 1615 2088 LIGNARIA

1403 2153 1433 2210 I

414 2255 681 2342 Signare
729 2258 984 2339 oportet
1028 2254 1308 2319 frontem
1355 2254 1560 2318 calida
1603 2254 1862 2338 forcipe.

554 2394 871 2448 Priscianus
898 2413 953 2463 p.
975 2399 1075 2448 657
1106 2394 1165 2447 P.
1200 2393 1518 2462 ‘forceps‚
1559 2409 1789 2462 auceps:
1822 2408 1966 2460 quae
1993 2395 2185 2447 tamen
2213 2397 2438 2448 ueteres

415 2466 588 2521 etiam
623 2465 892 2520 feminino
939 2481 1140 2535 genere
1185 2464 1540 2534 protulerunt
1578 2508 1589 2518 .
1623 2508 1633 2518 .
1667 2507 1677 2518 .
1724 2463 1933 2518 Nouius
1979 2463 2040 2516 in
2075 2463 2433 2534 Lignaria:

415 2572 658 2654 signare’
691 2589 737 2627 e.
768 2589 893 2652 «με.
934 2550 1212 2653 (Νᾷιιῑηρ
1250 2571 1387 2640 Reg.
1437 2570 1693 2653 Neuiqs
1734 2571 1888 2654 erup.
1919 2571 2084 2625 Barb.
2125 2641 2137 2652 ,
2205 2571 2434 2652 ngpq-

414 2643 1093 2783 ziizrlffgig.gipez}{nialg)ia
1129 2642 1277 2712 Lips.
1308 2642 1363 2710 b,
1401 2642 1549 2695 unde
1587 2643 1911 2713 Slgnario
1947 2641 2208 2695 Krehhus
2251 2642 2434 2696 L1c1-

1390 2864 1453 2921 H

418 2965 583 3043 Quia
627 2965 915 3049 supellex
964 2966 1196 3050 multa,
1250 2986 1413 3049 quae
1457 2986 1588 3029 non
1632 2964 1865 3048 utitur,
1920 2964 2155 3029 emitur
2200 2967 2434 3028 tamen.

559 3103 774 3159 Gellius
820 3105 923 3158 XV
967 3110 1032 3158 13
1092 3103 1338 3159 ‘Nouius
1393 3103 1453 3156 in
1506 3103 1773 3173 Lignaria
1826 3105 2085 3172 uerbum,
2140 3105 2294 3172 quod
2352 3107 2440 3158 est

416 3175 663 3245 utitur,
712 3192 779 3229 ex
816 3175 1098 3230 contraria
1132 3178 1293 3245 parte
1332 3174 1494 3230 dicit:
1535 3174 1716 3243 quia’
1749 3192 1793 3229 e.
1824 3192 1877 3243 q.
1908 3193 1950 3229 s.
2019 3175 2102 3228 ‘id
2139 3178 2252 3244 est,
2289 3192 2435 3244 quae

418 3247 546 3302 usui
580 3264 695 3301 non
733 3247 856 3302 est.’
898 3246 1099 3317 (ligat
1145 3247 1350 3300 archa
1394 3246 1526 3299 iam
1572 3246 1640 3298 in
1688 3245 1993 3327 lignaria
2027 3246 2204 3317 Lugd.
2256 3247 2439 3316 ligat

418 3318 721 3373 archiam
776 3318 844 3371 in
897 3317 1272 3387 lignariam
1322 3316 1494 3370 Paris.
1551 3315 1934 3371 Liciniaria
1988 3317 2048 3370 in
2100 3336 2210 3386 mg.
2261 3316 2433 3387 Magl.

417 3390 768 3460 ligatarca
803 3388 1135 3457 Dan.Magl.
1175 3387 1570 3458 ligatarcha
1606 3388 1797 3442 Petav.
1836 3388 2018 3457 ligot
2051 3391 2248 3442 tarca
2275 3389 2432 3442 Voss.

418 3461 792 3530 Legataria
846 3459 988 3514 coni.
1028 3459 1163 3514 olim
1217 3459 1290 3513 M.
1329 3458 1608 3528 Hertzius)
1707 3458 1896 3512 Etiam
1939 3458 2001 3513 in
2046 3459 2166 3513 cod.
2216 3459 2438 3514 Cusano

419 3549 474 3598 p.
499 3537 599 3583 118
638 3531 702 3583 Κ.
743 3533 954 3598 extant,
994 3531 1091 3584 sed
1127 3529 1285 3584 nullo
1325 3529 1520 3583 addito
1556 3529 1796 3583 nomine.
2234 3545 2237 3554 ·
