2610 4007
372 167 505 231 294
862 168 922 221 L.
961 167 1381 224 POMPONIVS
1419 165 1912 225 BONONIENSIS

516 326 733 381 Nonius
773 333 857 395 81,
897 334 960 381 21
1008 329 1285 382 ‘comest
1329 345 1432 397 pro
1479 327 1724 382 eomedit
1772 372 1781 380 .
1817 372 1826 380 .
1863 372 1871 381 .
1922 327 2262 396 Pomponius
2310 327 2407 381 Pi-

376 400 547 452 store:
588 397 819 468 decipit’
852 416 898 453 e.
930 417 980 467 q.
1013 417 1054 452 s.

380 502 383 505 ’
520 506 762 560 conduxi
801 507 856 560 P

1357 587 1419 644 H

372 686 543 751 Nem
580 688 725 772 plus
765 689 1011 771 quaesti
1050 688 1344 774 feeerem,
1391 711 1585 772 quam
1623 688 1968 772 quadrinas
2004 688 2060 751 si
2096 687 2407 752 haberem

1863 795 2085 860 molaS.

514 916 733 970 Nonius
752 923 874 986 483,
897 925 962 971 25
998 917 1295 986 ‘quaesti
1325 918 1417 972 uel
1446 917 1735 988 quaestuis
1766 917 1981 971 dietum
2005 934 2107 986 pro
2132 920 2408 985 quaestus

445 987 834 1056 ,Pomponius
872 988 1116 1044 Pistore:
1158 991 1311 1043 nam’
1348 1006 1394 1044 e
1426 1007 1477 1057 q.
1511 1007 1553 1044 s,

512 1093 690 1163 rinae,
730 1113 1001 1166 suprascr
1043 1096 1271 1164 quadri,
1310 1097 1363 1149 L
1400 1095 1680 1165 quadrina
1719 1095 1876 1149 Bao
2032 1094 2211 1148 malos
2251 1095 2322 1147 H
2335 1095 2417 1149 W

1341 1264 1434 1322 III

370 1363 619 1450 <F16t>,
646 1365 723 1429 fit
751 1365 1045 1430 desubiizo
1074 1364 1349 1450 hssarus3
1384 1365 1588 1430 tristis
1613 1366 1832 1451 seltat3
1860 1366 2074 1429 ridens
2098 1363 2411 1450 ringitur.

513 1485 730 1540 Nonius
768 1493 890 1553 517,
929 1493 995 1541 29
1038 1487 1385 1541 ‘desubito
1435 1531 1444 1541 .
1482 1531 1492 1541 .
1525 1532 1534 1542 .
1569 1532 1580 1542 .
1628 1486 1968 1557 Pomponius
2011 1486 2206 1555 Pappo
2255 1485 2411 1555 agri-

372 1557 496 1611 cola
535 1558 659 1630 [III]
698 1557 846 1612 idem
884 1558 1126 1614 Pistore:
1166 1559 1251 1612 fit’
1285 1576 1331 1613 e.
1363 1577 1414 1627 q.
1448 1577 1488 1611 s,

509 1664 608 1719 flet
653 1668 780 1734 (quo
825 1664 890 1718 fit
934 1666 1143 1720 mutari
1187 1667 1432 1720 voluerat
1472 1665 1702 1733 Junius)
1747 1666 1926 1734 suppl.
1964 1666 2119 1731 Bae;
2155 1665 2412 1734 primam

369 1752 553 1790 versus
588 1737 857 1805 syllabam
894 1738 1069 1792 deesse
1106 1739 1220 1805 ipse
1257 1738 1387 1790 olim
1423 1743 1721 1791 statueram
1856 1737 1986 1791 Reli
2019 1754 2096 1789 ua
2132 1737 2411 1790 commode

371 1808 629 1861 distinavit
660 1807 785 1861 Bue
819 1807 884 1860 fit
921 1807 1180 1862 desubito
1219 1807 1417 1875 tristis,
1455 1806 1670 1861 hilarus
1701 1807 1890 1876 saltat,
1929 1806 1979 1860 ri
2021 1823 2117 1860 ens
2154 1805 2410 1875 ringitur

370 1878 642 1948 Berykius
677 1878 743 1930 fit
779 1878 830 1932 d.
870 1878 1021 1932 idem
1055 1879 1271 1932 hilarus
1311 1878 1489 1933 tristis
1528 1897 1569 1934 e.
1592 1898 1638 1949 q.
1661 1897 1701 1933 s,
1741 1896 1781 1931 ω

1338 2048 1426 2105 IV

269 2159 369 2208 125
394 2199 407 2211 .
499 2200 510 2211 .
601 2149 728 2212 nisi
774 2170 945 2211 nuno
991 2149 1225 2232 aliquis
1271 2149 1488 2213 subito
1536 2149 1797 2214 obuiam
1845 2149 2123 2214 oecurrst
2169 2150 2363 2237 mihi,

390 2255 513 2332 Qui
569 2254 954 2340 oquiniseat,
1016 2257 1143 2338 quo
1202 2257 1589 2342 conpingam
1650 2257 1998 2322 terminum
2053 2258 2117 2321 in
2182 2261 2406 2321 tutum

1862 2362 2076 2427 looum

513 2482 730 2537 Nonius
762 2489 881 2551 146,
913 2488 982 2537 24
1022 2482 1483 2551 ‘oquiniscere
1521 2487 1608 2538 est
1642 2483 1864 2583 proprie
1902 2483 2178 2539 inclinari.
2237 2485 2406 2539 Pom-

370 2554 573 2624 ponius
609 2527 931 2609 Prostibu'lo
971 2555 1042 2627 [Ι]
1082 2554 1234 2608 idem
1270 2555 1514 2611 Pistore.
1551 2555 1685 2610 nisi’
1719 2572 1765 2610 e.
1796 2574 1848 2624 q.
1881 2574 1922 2609 s.

516 2668 543 2714 1
583 2678 750 2730 pereo
790 2663 1143 2731 praemittas:
1189 2663 1294 2716 alii
1338 2664 1576 2717 medium
1610 2680 1820 2718 versum
1858 2664 2110 2718 mutilum
2146 2680 2254 2718 esse
2290 2670 2406 2717 sta·

373 2740 609 2787 tuerwnt.
686 2733 989 2787 Muellerus
1026 2735 1248 2801 prosod.
1289 2734 1476 2789 Plaut.
1517 2740 1619 2788 592
1666 2735 1878 2789 hiatum
1924 2735 1987 2787 in
2031 2751 2259 2789 caeswra
2305 2734 2405 2788 de-

372 2803 559 2858 subito
596 2805 876 2859 scribendo
911 2804 1032 2859 tolli
1067 2805 1198 2859 vult.
1270 2805 1525 2860 Medium
1560 2823 1788 2872 versum,
1826 2807 1877 2861 si
1912 2807 2137 2860 mutilus
2173 2806 2271 2872 sit,
2310 2824 2406 2860 ex-

366 2877 510 2944 pleri
561 2877 761 2930 inserto
818 2891 1123 2944 properans
1173 2884 1299 2944 post
1355 2875 1543 2929 subisso
1600 2879 1791 2930 monui
1842 2878 1907 2930 in
1954 2877 2254 2945 proecdosi.

373 2953 404 2999 2
452 2964 564 3015 qua
610 2947 798 3001 Vrbin.
839 2952 941 3000 307
1140 2945 1201 2999 in
1246 2950 1429 3002 tutum
1485 2947 1546 3001 in
1596 2950 1780 3001 totum
1825 2948 2012 3002 looum
2058 2948 2197 3002 EF
2211 2948 2406 3001 1111.)ι

1176 3133 1606 3194 PLAOENTA

1505 3253 1729 3317 rustici

376 3361 597 3425 Eduniz
642 3360 919 3425 libenter
964 3358 1171 3424 tristis
1219 3363 1394 3424 atros
1439 3359 1724 3424 intubos,

512 3479 731 3534 Nonius
770 3485 891 3549 209,
929 3487 963 3534 4
1010 3480 1269 3534 ‘intiba
1316 3480 1538 3551 generis
1586 3480 1773 3535 neutri
1813 3525 1822 3534 .
1857 3526 1868 3535 .
1903 3526 1912 3535 .
1952 3480 2256 3535 masculini
2305 3482 2417 3534 Lu-

376 3550 537 3603 cilius
595 3550 895 3606 satirarum
950 3552 1048 3606 lib.
1084 3553 1160 3606 V:
1219 3551 1422 3606 intibu'
1473 3555 1839 3620 praeterea
1893 3552 2190 3621 pedibus
2248 3570 2415 3622 prae-

808 3657 872 3691 ..
