2610 4007
307 254 316 262 .
380 196 505 262 166
1228 192 1544 248 TITINIVS

1340 363 1426 420 IX

313 525 320 531 .
375 466 671 533 Nimium
716 470 780 531 te
824 464 1215 550 patrocinari
1262 465 1488 528 censeo
1535 462 1915 550 benigniter.

517 587 734 643 Nonius
783 592 912 654 510,
954 592 1016 640 11
1078 583 1510 654 ‘benigniter
1562 600 1663 653 pro
1717 582 1999 653 benigne.’
2076 581 2410 635 Priscianus

377 665 517 713 1010
554 660 613 714 P.
693 658 985 713 ‘seueriter
1035 672 1136 726 pro
1193 671 1402 709 seuere.
1476 654 1719 709 Titinius
1773 654 1835 709 in
1888 653 2062 708 Prilia
2103 698 2113 708 .
2149 697 2160 706 .
2194 697 2206 708 .
2246 652 2411 707 idem

375 730 758 797 blanditer,
796 727 1234 797 benigniter.’
1276 725 1379 798 (Cf.
1417 726 1581 795 XIV).

516 818 812 872 minimum
847 818 904 871 P
1042 814 1224 870 sentio
1262 814 1545 871 Mercerus

272 1070 340 1118 50
380 1051 590 1118 Simul
634 1054 708 1115 ut
753 1059 1004 1134 pueras'
1025 1048 1216 1114 hasce
1261 1052 1450 1113 nocte
1496 1048 1815 1133 suspirare
1861 1048 2035 1112 creui
2083 1099 2096 1112 .
2145 1099 2160 1111 .

518 1172 836 1227 Priscianus
873 1190 927 1241 p.
949 1177 1053 1226 898
1082 1172 1141 1227 P.
1185 1171 1372 1224 ‘cerno
1411 1168 1598 1224 creui
1628 1213 1640 1224 .
1665 1213 1711 1224 ..
1742 1168 1917 1223 etiam
1943 1186 2071 1223 cum
2096 1184 2197 1238 pro
2226 1167 2406 1223 uideo

378 1243 666 1314 accipitur.
741 1242 986 1297 Titinius
1023 1243 1084 1296 in
1120 1239 1383 1298 Gemina:
1423 1240 1589 1295 simul
1629 1284 1642 1295 .
1674 1285 1685 1295 .
1718 1284 1731 1296 .
1768 1239 1939 1308 creui,
1973 1256 2075 1309 pro
2113 1239 2303 1293 uidi.’

517 1351 686 1405 hasce
722 1352 920 1421 scripsi
954 1350 1058 1404 has
1094 1361 1140 1417 ψ
1177 1324 1286 1405 hag
1323 1351 1370 1418 (s
1406 1366 1476 1402 m.
1515 1349 1634 1416 alt.)
1670 1347 1843 1402 Barb.
1882 1347 1988 1400 hac
2026 1367 2057 1416 χ
2201 1349 2405 1401 noctes

378 1424 473 1478 Ba
649 1423 752 1477 has
791 1439 895 1492 ego
935 1420 1223 1491 suspirare
1263 1421 1621 1476 Hermannus
1774 1418 1959 1474 Possis
1993 1419 2158 1473 etiam
2193 1434 2406 1487 pucras

375 1494 497 1549 Hac
531 1496 697 1549 nocte
733 1512 775 1550 e.
815 1513 863 1565 q.
900 1510 941 1549 ε.

1347 1570 1433 1628 XI

423 1725 810 1739 .......
859 1676 925 1738 at
969 1675 1333 1738 uestrorum
1380 1670 1613 1755 aliquis
1658 1670 1914 1734 nuntiet

273 1781 395 1863 52s3
419 1779 750 1865 Geminae,
794 1783 870 1845 ut
916 1801 1016 1845 res
1061 1780 1207 1844 suas
1251 1780 1584 1863 procuret,
1630 1778 1694 1840 et
1739 1776 2009 1841 facessat
2055 1776 2338 1841 aedibus,

518 1901 736 1955 Nonius
766 1906 888 1967 306,
918 1905 985 1953 29
1017 1899 1390 1954 ‘facessere
1428 1898 1709 1968 significat
1736 1898 1992 1952 recedere
2023 1941 2036 1952 .
2068 1941 2080 1953 .
2111 1941 2126 1952 .
2153 1896 2403 1951 Titinius

378 1971 679 2029 Gemine:
717 1972 792 2027 ad
829 1970 1055 2040 aliquis’
1097 1987 1144 2026 e.
1174 1989 1226 2040 q.
1257 1988 1297 2026 s,

522 2086 550 2133 1
592 2082 655 2133 at
691 2078 783 2133 L?
819 2085 946 2135 teste
987 2078 1211 2144 Oniom,
1246 2078 1407 2148 vulqo
1445 2077 1518 2131 ad
1557 2097 1628 2146 (p.-
1665 2095 1743 2132 an
1779 2075 1974 2147 agite?
2082 2079 2403 2131 uestrorum

380 2150 585 2219 aliquis
621 2153 820 2221 scripsi
856 2149 1060 2218 aliquis
1098 2148 1271 2220 (aliqb
1310 2149 1424 2219 Ba)
1461 2150 1773 2202 uestrorum
1810 2168 1852 2201 ω
2032 2154 2065 2201 2
2102 2151 2403 2204 secumlum

379 2223 764 2278 Her-mannum
799 2223 926 2278 dedi
1084 2218 1307 2290 gemine
1345 2222 1477 2290 (-ae)
1514 2221 1580 2272 ut
1614 2235 1709 2273 reo
1747 2221 1941 2288 (supra
1977 2235 2008 2273 0
2046 2236 2204 2274 erasa
2242 2237 2266 2272 s
2308 2220 2401 2288 Η)

378 2310 508 2348 suas
553 2296 815 2364 procuret
859 2291 1094 2347 aedibus
1141 2291 1387 2345 facessat
1422 2311 1465 2344 ω
1513 2288 1807 2359 Geminae,
1858 2306 1946 2344 res
1992 2293 2058 2344 ut
2104 2307 2234 2345 suas
2269 2307 2399 2360 pro—

379 2367 558 2433 curet,
607 2364 841 2419 aedibus
887 2363 1132 2417 facessat
1176 2363 1414 2418 Bothius
1450 2363 1512 2415 at
1548 2359 1752 2429 aliquis
1798 2363 2050 2415 uestrum
2096 2378 2150 2414 n.
2198 2363 2265 2416 ut
2310 2377 2400 2416 res

379 2454 420 2491 s.
457 2454 511 2505 p.
546 2436 554 2508 1
588 2436 814 2490 aedsbu’
855 2434 911 2504 f.‚
949 2436 1050 2490 del.
1090 2432 1376 2502 Geminae,
1413 2450 1454 2487 x

1329 2565 1447 2623 XII

467 2669 729 2757 Longus
775 2691 986 2734 sermo
1031 2667 1333 2751 habetur,
1379 2667 1744 2731 reu6rtetur
1788 2664 2012 2750 spissa.

520 2789 737 2844 Nonius
775 2796 897 2859 392,
939 2794 1004 2843 15
1047 2787 1373 2859 ‘spissum
1410 2786 1695 2856 significat
1731 2787 1891 2843 tarde
1931 2831 1944 2843 .
1986 2832 1998 2843 .
2039 2788 2075 2841 .’

520 2881 793 2935 Baccheos
828 2878 1051 2949 aynovit
1087 2878 1456 2933 Neuleirchius

1317 3009 1465 3067 XIII

275 3129 341 3178 55
379 3112 615 3178 Mulier
659 3111 846 3178 credo
893 3110 1239 3177 adu6rsum
1282 3110 1471 3175 illum
1516 3131 1617 3175 res
1664 3109 1812 3174 suas
1853 3111 2270 3194 conqueritur
2298 3163 2312 3176 .
2341 3163 2357 3178 .
2385 3163 2401 3176 .

520 3233 738 3288 Nonius
777 3238 899 3300 232,
937 3239 1006 3287 20
1046 3231 1448 3286 ‘aduorsum
1484 3248 1705 3285 rursum
1739 3231 1892 3301 apud
1930 3230 2252 3303 significat.’

522 3324 793 3380 Numeros
821 3323 1101 3392 perspexit
1138 3321 1497 3376 Hermannus
1627 3320 1900 3374 aduorsus
1936 3337 1977 3376 ω
2111 3321 2272 3376 illam
2309 3322 2397 3376 Η1

1318 3453 1461 3511 XIV

385 3603 397 3615 .
448 3603 460 3615 .
508 3573 660 3637 ergo
707 3558 782 3618 ut
826 3576 942 3618 sua
986 3555 1197 3618 seruet
1245 3553 1437 3636 dona,
1499 3552 1686 3617 nobis
1730 3552 2099 3617 faciundum
2146 3556 2247 3618 est
2292 3555 2397 3637 ita,
