2610 4007
326 128 410 192 36
516 196 531 211 ⁹
1190 122 1486 177 TRABEA

1063 417 1622 503 TRABEA

887 613 995 671 EX
1038 610 1411 671 INOERTIS
1457 610 1798 670 FABVLIS

1331 737 1362 795 1

330 842 506 906 Lena
552 838 831 904 delem‘ta
878 842 1146 924 argento
1193 841 1427 902 mitum
1471 835 1845 902 obseruabi‘t
1888 858 2128 920 meum,

333 947 503 1027 Qm‘d
546 946 772 1029 uelim,
819 944 973 1029 quid
1018 944 1327 1009 studeam.
1406 943 1751 1008 adueniens
1797 940 2002 1028 digito
2049 941 2361 1026 inpellam

1608 1049 1896 1113 ianuam:

332 1160 530 1226 Fores
565 1158 897 1244 patebunt.
961 1157 1037 1221 de
1075 1156 1408 1242 inprouiso
1440 1154 1705 1239 Chrysis
1737 1154 1853 1219 ubi
1880 1177 1983 1219 me
2011 1155 2358 1239 aspexerit,

331 1248 607 1332 'Alacris
635 1265 894 1330 obuiam
922 1264 1085 1329 mihi
1112 1264 1333 1328 ueniet
1359 1262 1767 1347 complexum
1786 1263 2098 1346 exoptans
2116 1284 2333 1327 meum
2346 1314 2364 1347 ,

267 1392 299 1440 5
336 1374 505 1439 Mshi
549 1395 616 1437 se
664 1371 874 1436 dedet:
919 1370 1274 1435 Fortunam
1320 1371 1528 1454 ipsam
1570 1367 1830 1433 anteibo
1867 1368 2146 1433 fortum's
2182 1369 2361 1434 meis.

478 1512 670 1567 Cicero
708 1511 869 1566 Tusc.
910 1509 1053 1579 disp.
1083 1509 1161 1564 IV
1189 1516 1282 1578 31,
1315 1515 1384 1563 67
1432 1506 1623 1563 ‘aliter
1677 1507 1826 1561 enim
1877 1507 2203 1562 Naeuianus
2260 1508 2364 1562 ille

410 1585 550 1638 udet
583 1583 815 1653 Hector:
852 1582 1037 1637 laetus
1077 1582 1219 1636 sum’
1254 1596 1300 1635 e.
1322 1598 1375 1649 q.
1396 1598 1438 1635 s,
1509 1578 1701 1633 ‘aliter
1738 1578 1838 1633 ille
1875 1580 2027 1649 apud
2054 1579 2361 1636 Trabeam:

369 1672 492 1710 ena
522 1699 532 1709 .
558 1648 605 1710 ..⁶
636 1654 854 1708 dedet.
939 1669 1110 1722 quam
1153 1653 1294 1706 haec
1339 1651 1577 1721 pulchra
1620 1652 1809 1720 putet,
1856 1650 1977 1720 ipse
2020 1649 2137 1705 iam
2182 1651 2365 1707 dicet:

336 1727 706 1781 Fortunam
737 1768 747 1778 .
775 1770 785 1780 .
811 1768 821 1778 .
852 1723 1057 1778 meis.’

339 1921 396 1973 B
464 1856 513 1975 gl}
550 1847 675 1932 ,ἱστί’
720 1848 946 1917 patebit
978 1848 1265 1903 Bentleius
1418 1848 1614 1903 Versus
1641 1852 1673 1900 5
1715 1848 2026 1916 particulas
2070 1848 2366 1904 coniwnoeit

397 1939 464 1975 en
508 1936 625 1976 ems
1294 1944 1304 1954 ·

1323 2033 1387 2091 H

339 2135 503 2224 'Ego
553 2135 957 2218 uoluptatem
1001 2134 1200 2198 animi
1244 2134 1514 2198 nimiam
1551 2136 1874 2197 summum
1910 2155 2045 2198 esse
2083 2155 2366 2199 errorem

1618 2240 1912 2305 arbitror.

486 2362 680 2417 Cicero
724 2362 886 2416 Tusc.
935 2362 1076 2443 disp.
1106 2362 1183 2416 IV
1212 2367 1307 2430 15,
1337 2367 1404 2416 35
1455 2362 1652 2429 ‘quae’
1702 2360 1999 2431 (appetitio
2046 2360 2244 2432 nimia)
2294 2362 2368 2416 ‘si

345 2434 572 2504 quando
619 2433 827 2502 adepta
871 2433 978 2487 erit
1022 2433 1108 2502 ld,
1163 2433 1316 2501 quod
1363 2432 1417 2487 ei
1460 2432 1633 2486 fuerit
1677 2432 2058 2503 concupitum,
2109 2436 2232 2488 tum
2278 2450 2370 2487 ec·

345 2506 556 2561 feretur
601 2504 923 2573 alacritate,
969 2507 1035 2558 ut
1077 2503 1222 2558 nihil
1272 2503 1327 2558 ei
1363 2507 1583 2559 constet
1618 2504 1771 2573 quod
1808 2506 1970 2574 agat,
2015 2507 2080 2559 ut
2123 2504 2222 2558 ille
2267 2504 2369 2574 qui

345 2577 778 2646 uoluptatem
824 2574 1031 2630 animi
1074 2574 1353 2629 nimiam
1389 2593 1711 2629 summum
1746 2591 1893 2629 esse
1930 2591 2224 2630 errorem
2261 2593 2370 2631 ar-

347 2647 698 2703 bitratur.'
773 2647 838 2700 In
875 2645 1079 2715 quibus
1116 2646 1370 2701 Trabeae
1406 2663 1629 2701 versum
1664 2646 1841 2700 latere
1876 2646 2161 2716 perspexit
2195 2647 2370 2701 Bent-

348 2719 509 2773 leius.
584 2717 774 2772 Cicero
814 2718 887 2771 ad
923 2718 1054 2772 fam.
1083 2717 1135 2771 H
1163 2723 1194 2771 9
1236 2718 1487 2788 ‘repente
1533 2734 1665 2772 uero
1711 2717 1915 2771 incessi
1956 2717 2213 2772 omnibus
2250 2717 2372 2772 lae-

350 2789 495 2845 titiis
533 2789 733 2843 laetuS.
789 2789 855 2842 In
891 2806 1001 2857 quo
1039 2806 1167 2842 cum
1204 2788 1532 2859 obiurgarer
1567 2789 1719 2857 quod
1749 2788 1923 2842 nimio
1951 2788 2160 2858 gaudio
2186 2805 2369 2857 paene

351 2860 684 2930 desiperem,
740 2860 824 2914 ita
877 2876 967 2914 me
1022 2859 1418 2916 defendebam:
1485 2876 1605 2930 ego
1669 2858 2102 2930 uoluptatem
2157 2859 2371 2914 animi

350 2931 669 2986 nimiam.’
744 2931 900 2984 Idem
936 2931 1005 2983 de
1042 2931 1134 2985 fin.
1163 2931 1215 2985 H
1240 2936 1293 3000 4,
1324 2937 1390 2985 13
1429 2931 1584 2984 ‘nam
1619 2934 1677 2984 et
1711 2930 1810 2984 ille
1848 2931 1999 3000 apud
2036 2930 2371 2985 Trabeam

352 3003 784 3071 uoluptatem
830 3001 1040 3055 animi
1084 3001 1364 3056 nimiam
1402 3001 1685 3056 laetitiam
1722 3001 1899 3056 dicit.'
1974 3002 2130 3056 Idem
2163 3005 2370 3071 poetae

352 3074 569 3127 dictum
601 3072 733 3127 vide
770 3090 843 3126 an
877 3071 1184 3141 respiciant
1218 3072 1323 3127 illa
1353 3072 1634 3128 Ciceronis
1675 3073 1749 3126 ad
1775 3073 2013 3128 Paetum
2038 3073 2115 3126 IX
2142 3079 2207 3126 21
2251 3072 2371 3127 ‘ain

351 3145 618 3200 tandem?
652 3143 899 3202 insanire
934 3142 1045 3197 tibi
1079 3143 1307 3213 uideris,
1345 3144 1498 3214 qnod
1531 3143 1751 3199 imitere
1778 3144 2076 3198 uerborum
2102 3160 2371 3213 meorum,

352 3219 420 3270 ut
463 3214 685 3285 scribis,
731 3213 1004 3268 fulmina?
1072 3217 1193 3268 tum
1237 3214 1538 3285 insanires,
1596 3214 1644 3268 si
1691 3215 1958 3284 consequi
2000 3231 2116 3270 non
2158 3232 2373 3286 posses.

326 3298 483 3340 'cum
526 3303 659 3340 uero
706 3284 879 3340 etiam
924 3285 1143 3354 uineas,
1188 3303 1278 3340 me
1322 3285 1478 3357 prius
1523 3286 1770 3341 inrideas
1816 3304 1986 3356 quam
2029 3290 2088 3341 te
2131 3290 2371 3356 oportet.

356 3373 529 3425 quare
575 3356 718 3410 nihil
763 3356 872 3410 tibi
920 3373 1057 3426 opus
1104 3359 1191 3411 est
1234 3357 1416 3411 illud
1463 3375 1497 3412 a
1534 3357 1823 3427 Trabea,
1871 3358 1970 3412 sed
2005 3357 2196 3428 potius
2233 3356 2376 3413 ἀπό-

356 3447 566 3509 τευγμα
601 3429 826 3482 meum.'
888 3429 1125 3482 Paetum
1151 3428 1404 3483 Trabeae
1441 3446 1604 3484 versu
1641 3430 1886 3498 quodam
1921 3447 2084 3483 usum
2110 3445 2231 3483 esse
2260 3447 2373 3497 quo

357 3499 700 3570 sigmficaret
742 3516 857 3553 non
902 3500 1196 3554 succedere
1240 3500 1353 3570 ipsi
1398 3500 1549 3568 quod
1596 3517 1892 3570 aggressus
1938 3503 2083 3570 erat,
2132 3500 2377 3556 coniecit
