2610 4007
1079 157 1352 214 NOVIVS
2093 159 2223 224 321

1004 326 1374 386 PAGILIVS
1387 328 1419 364 '¹‘

189 447 291 512 Vt
341 447 474 511 sole
526 445 785 530 crescit,
840 447 1019 510 cerae
1075 450 1283 510 castra
1329 447 1552 511 crebro
1600 447 1925 531 catapulta
1969 446 2227 531 inpulit.

348 566 567 621 Nonius
607 573 727 635 552,
766 573 831 620 15
874 566 1257 636 ‘catapulta
1292 568 1542 622 iaculum
1579 568 1726 622 celer
1760 568 1853 621 uel
1891 567 2103 638 sagitta

193 639 469 693 Nouius
514 655 798 708 paceuo:
845 639 939 692 ut’
981 654 1027 693 e.
1058 657 1110 707 q.
1142 657 1183 693 s,
1229 638 1553 708 (Naeuius
1590 639 1670 694 L?
1785 639 1989 693 Pacio
2027 638 2225 692 Junius

194 709 474 764 Pacilio
532 709 623 763 vel
676 708 950 763 B-acillo
1008 708 1100 764 vel
1154 710 1441 764 Racemo
1492 710 1728 764 Bothius
1783 710 2034 764 Faceto
2082 710 2224 764 coni.

196 781 465 835 Hertzius
511 779 805 834 Phaselo
852 780 942 834 vel
988 780 1264 835 Paxillo
1312 781 1617 850 aliquando
1663 781 1725 834 in
1767 784 2012 835 mentem
2052 780 2224 836 venit.

200 852 455 907 Paccio
503 851 776 920 Bergkius
919 851 1002 906 De
1054 851 1307 906 Naeuii
1357 851 1569 906 Paulo
1626 870 1699 906 an
1744 852 2108 922 cogitandum
2152 852 2228 905 sit

195 923 437 977 dubitat
473 923 804 978 GrauertuS.
850 939 923 976 ne
967 923 1222 977 Pacuio
1270 923 1500 991 quidem
1543 923 1766 993 longius
1803 923 1969 977 absit.
2013 924 2228 977 Pacu-

200 995 360 1048 uius
407 993 619 1048 Paulo
666 996 722 1063 x)
795 994 972 1047 Poeta
1009 993 1289 1048 scribendi
1337 994 1523 1048 studio
1568 994 1799 1048 insanus
1843 994 2080 1063 luditur,
2129 993 2229 1063 qui

201 1067 277 1120 ab
319 1065 604 1120 exoriente
643 1065 759 1119 sole
798 1064 992 1119 stilum
1028 1065 1088 1118 in
1124 1065 1337 1120 tabulis
1376 1065 1548 1120 cereis
1587 1067 1821 1120 exercet.

350 1173 467 1226 sole
506 1171 711 1226 orescit
748 1171 1012 1242 <horescit
1049 1173 1105 1226 P
1144 1171 1418 1226 horrescit
1453 1172 1569 1241 H),
1611 1174 1663 1226 h.
1692 1190 1733 1227 e.
1774 1172 2017 1226 aurescit
2052 1193 2094 1226 ω
2142 1171 2227 1226 sol

201 1246 466 1298 coruscat
491 1244 701 1298 Juuius
817 1259 976 1297 cerae
1003 1245 1200 1313 scripsi
1235 1260 1396 1298 cerea
1424 1264 1466 1297 ω
1503 1246 1654 1297 terra
1682 1244 1983 1299 Muellerus
2007 1245 2225 1314 prosod.

205 1317 395 1370 Plaut.
436 1320 539 1368 612
596 1314 792 1368 aethra
843 1315 1242 1385 Quicheratius:
1300 1319 1397 1368 aer
1442 1331 1846 1383 proposueram.
1920 1315 2015 1369 Ad
2067 1330 2228 1369 cerae

201 1389 394 1441 castra
430 1388 498 1454 cf.
544 1387 712 1440 Titiu.
745 1391 848 1439 160
884 1393 935 1441 et
969 1386 1134 1441 Attae
1169 1404 1219 1440 v.
1252 1392 1317 1440 13
1464 1385 1628 1439 cebro
1667 1386 1886 1439 H¹LP

1031 1570 1401 1629 PAEDIVM

1203 1696 1233 1753 I
1375 1800 1490 1842 nec
1535 1783 1839 1863 umquam

206 1886 395 1952 Vidit
440 1889 723 1949 rostrum
761 1886 913 1969 <111>
955 1885 1285 1971 tragoedia
1331 1889 1581 1949 tantum
1628 1884 1761 1948 Titi
1802 1883 2227 1969 (theatrum).

350 2007 569 2061 Nonius
606 2012 728 2076 455,
764 2013 831 2061 14
876 2008 1201 2061 ‘rostrum
1246 2006 1488 2061 hominis
1536 2006 1648 2060 dici
1692 2023 1807 2060 non
1852 2006 2052 2060 debere
2099 2023 2228 2061 cou-

210 2079 452 2133 suetudo
498 2078 876 2148 praesumpsit
1070 2078 1316 2133 nonbis
1361 2077 1595 2134 Pedio:
1641 2078 1774 2131 uec’
1816 2094 1862 2130 e.
1893 2096 1945 2145 q.
1978 2095 2018 2131 s.
2067 2078 2230 2148 (No-

212 2150 364 2204 uius
401 2150 703 2219 Mercerus)

352 2257 475 2311 uidi
511 2258 640 2312 olim
669 2258 937 2326 proposui
1048 2256 1135 2310 tit'
1169 2257 1283 2311 00
1314 2256 1427 2309 dici
1463 2257 1698 2311 Merceri
1732 2272 1824 2310 ms,
1942 2254 2228 2308 theatrum

207 2331 482 2399 supplevit
517 2330 641 2383 Bue
684 2328 836 2384 Go‘ni.
867 2328 994 2382 Lat.
1027 2333 1058 2380 3

1194 2459 1256 2517 Π

212 2616 227 2628 .
275 2563 449 2648 quod
492 2584 594 2626 res
638 2562 741 2626 uis
785 2561 957 2625 hunc
1001 2560 1249 2644 priuari
1290 2559 1590 2643 pulchras
1638 2581 1795 2643 quas
1840 2558 1945 2623 uts
1986 2559 2165 2623 solet.

353 2683 571 2738 Nonius
600 2689 721 2751 500,
745 2688 810 2737 16
842 2681 1016 2751 ‘priu
1029 2684 1183 2735 atur
1216 2680 1378 2734 illam
1413 2698 1545 2750 rem,
1582 2698 1683 2751 pro
1720 2681 1822 2735 illa
1858 2697 1916 2734 re
1953 2679 2228 2750 priuatur.

211 2754 428 2809 Nouius
468 2754 706 2810 Pedio:
744 2755 917 2821 quod’
949 2770 995 2807 e.
1025 2770 1076 2820 q.
1109 2770 1151 2808 s,
1188 2752 1602 2822 (PoedioxBa)

358 2880 389 2917 o
427 2862 590 2920 initio
617 2863 744 2915 add.
769 2879 810 2915 x
915 2860 1066 2927 quod
1101 2861 1150 2913 h.
1181 2878 1222 2915 e.
1253 2861 1408 2927 quot,
1445 2865 1509 2913 ut
1542 2877 1643 2914 scr.
1675 2859 1979 2927 Stephanus
2014 2874 2125 2926 quo
2163 2860 2226 2911 tu

213 2934 450 3058 1{ogiius
485 2931 761 3059 ffllgffizalg
796 2933 1069 3001 Berykius
1110 2931 1336 2998 quando
1374 2932 1497 2984 Bue
1638 2930 1785 2984 hanc
1823 2931 1901 2985 W
2036 2932 2100 2983 ut
2135 2931 2229 2984 Ba

1177 3134 1269 3191 111

219 3237 579 3322 Supparum
647 3240 880 3321 purtim
944 3235 1348 3299 Melitensem
1411 3236 1709 3321 linteum,
1772 3236 1961 3320 <em>
2024 3235 2231 3298 escam
2271 3251 2340 3300 70

1697 3365 1939 3406 meram

355 3465 573 3519 Nonius
616 3471 736 3533 540,
778 3470 840 3518 11
895 3466 1281 3533 ‘supparum
1328 3467 1415 3517 est
1458 3462 1695 3518 linteum
1740 3462 2007 3518 femorale
2053 3478 2230 3543 usque

223 3537 293 3590 ad
337 3535 484 3590 talos
531 3536 807 3605 pendens,
856 3534 1070 3588 dictum
1105 3535 1257 3603 quod
1303 3535 1500 3589 subtus
1539 3538 1825 3605 appareat.
1899 3534 2134 3587 Plautus
2171 3532 2233 3586 in

324 3636 481 3677 Scaen.
510 3646 631 3684 poss,
661 3636 791 3677 Rom.
818 3636 889 3676 fra
862 3647 979 3686 a.gm
1007 3635 1075 3675 e.d
1104 3634 1227 3674 Rms
1201 3643 1338 3674 snex.
1379 3634 1443 3674 11.
1845 3628 1909 3675 21
