2610 4007
372 172 504 237 250
1150 171 1210 225 L.
1245 170 1612 225 AFRANIVS

371 332 569 457 ditiun’t
620 329 760 399 ὑπέρ
819 363 884 372 —-
942 363 1008 371 —
1064 326 1329 384 Afranius
1384 329 1445 383 in
1494 328 1838 400 Virgine:'
1897 329 2190 401 (uirgine
2247 330 2400 400 cod.)

398 421 433 458 a
475 421 530 457 is
587 420 632 458 e.
662 421 715 472 q.
747 421 788 458 e.

514 508 642 564 aliis
690 509 1005 579 Stephanus
1050 508 1156 562 alis
1203 510 1318 564 cod.
1498 507 1560 562 ni
1605 509 1976 563 Neukirehius
2019 506 2079 560 in
2124 509 2242 564 cod.
2287 525 2400 563 nec

376 582 435 638 O.
462 582 767 637 Muellerus
802 579 889 634 sin
926 581 1050 635 Bue
1176 580 1456 636 Sententia
1491 581 1646 635 haec:
1687 580 1838 634 ‘aliis
1873 581 1939 634 de
1973 581 2131 634 rebus
2166 581 2396 650 quibus·

371 655 497 709 libet
533 654 758 723 loquere,
797 653 953 707 modo
989 669 1058 707 ne
1094 652 1159 706 de
1193 652 1294 707 hae
1331 669 1442 722 qua
1477 668 1640 720 super
1674 651 1897 720 coepisti
1931 651 2118 721 loqui?

1353 800 1409 857 V

371 904 512 982 Quo
560 908 634 968 1:11
680 903 1050 969 conmetas?
1098 941 1182 949 -—-
1227 901 1379 967 'Vbi
1426 903 1717 1000 confixus
1763 902 2053 967 desides?

509 1024 726 1080 Nonius
765 1031 850 1094 89,
889 1030 957 1078 33
1003 1026 1440 1094 ‘conmetare,
1489 1040 1780 1079 conmeare
1819 1068 1831 1078 .
1861 1068 1876 1080 .
1909 1066 1922 1080 .
1959 1022 2225 1078 Afranius
2263 1024 2398 1079 Vir·

367 1096 528 1167 gine:
567 1097 700 1165 quo’
733 1113 778 1150 e.
809 1113 861 1164 q.
892 1114 935 1150 s.

511 1204 783 1258 Personas
827 1204 1084 1258 distinxit
1127 1203 1367 1258 Bothius
1560 1201 1771 1256 defixus
1817 1201 2103 1257 Bentleius
2150 1203 2216 1256 in
2269 1202 2397 1257 Ter.

366 1275 546 1329 heaut.
575 1275 689 1328 III
719 1279 767 1343 1,
796 1279 891 1344 35,
939 1276 1037 1344 qui
1070 1275 1405 1345 interroyari
1439 1274 1710 1329 intellexit

1181 1439 1563 1501 VOPISCVS

510 1550 590 1605 cf.
623 1550 839 1604 Plinius
873 1567 927 1604 n.
957 1550 1010 1603 h.
1040 1548 1145 1602 VH
1176 1555 1243 1603 10
1283 1548 1633 1619 ‘uopiscos
1671 1547 2041 1619 appellabant
2077 1565 2108 1602 e
2146 1548 2395 1619 geminis

366 1621 466 1690 qui
508 1621 716 1676 retenti
769 1624 929 1676 utero
983 1623 1346 1675 nascerentur
1399 1620 1578 1675 altero
1632 1619 1970 1690 interempto
2018 1619 2244 1675 abortu'
2296 1621 2397 1690 (de

365 1709 555 1763 praen.
586 1695 660 1762 4).
730 1691 1026 1747 Geminum
1061 1694 1286 1761 partum
1322 1694 1655 1761 conceperat
1688 1691 1881 1761 puella
1918 1691 2212 1760 quaedam,
2252 1708 2396 1760 quo-

365 1781 490 1816 rum
517 1762 697 1818 altero
725 1763 1062 1833 interempto
1091 1763 1294 1817 abortu
1323 1764 1389 1832 (Ι)
1413 1779 1484 1817 ne
1513 1762 1802 1832 Vopiscum
1828 1761 2054 1830 quidem
2081 1762 2398 1817 sustulerat

365 1837 530 1903 pater
556 1835 663 1904 (ΙΙ).
728 1834 872 1887 Eum
900 1836 1090 1888 autem
1114 1833 1232 1888 iam
1260 1834 1460 1904 culpae
1495 1833 1751 1904 paenitet
1778 1833 1963 1903 (VIII),
2002 1833 2100 1887 sed
2132 1834 2396 1904 nuptiae,

367 1908 434 1958 ut
477 1904 764 1971 videntur,
822 1921 948 1958 cum
993 1904 1110 1958 alia
1156 1905 1450 1960 condictae
1496 1905 1641 1975 (VII)
1734 1903 1999 1959 rohibent
2043 1921 2154 1973 quo
2201 1905 2395 1959 minus

366 1976 670 2031 reducendi
716 1975 875 2031 illam
922 1975 1200 2032 desiderio
1248 1975 1387 2031 satis
1434 1975 1613 2032 faciat
1729 1979 1768 2048 ).
1844 1974 2052 2031 Contra
2095 1975 2167 2030 ab
2207 1976 2398 2032 altera

365 2051 526 2129 parte
573 2047 888 2118 exponendi
941 2047 1187 2103 infantes
1232 2048 1381 2103 ratio
1436 2046 1687 2118 graviter
1733 2047 2055 2102 defenditur
2099 2047 2216 2117 (XI)
2267 2065 2395 2103 ma-

365 2136 655 2188 iorumque
710 2119 978 2189 exemplis
1027 2119 1376 2174 adulescenti
1431 2118 1721 2175 honestius
1776 2119 2202 2173 commendatur
2256 2136 2396 2173 con-

365 2190 583 2261 iugium
635 2191 795 2261 (XII).
885 2191 1184 2245 Praeterea
1244 2190 1448 2245 mulier
1511 2206 1579 2245 ex
1638 2206 1830 2244 earum
1892 2206 2121 2260 genere,
2187 2189 2392 2259 quales

366 2262 594 2317 Emanc.
627 2262 782 2315 XXII
816 2264 1150 2332 tang-untur,
1196 2261 1500 2332 imperiosa
1535 2261 1724 2331 (XVII.
1762 2260 1911 2330 XIX)
1957 2277 2208 2329 anusque
2246 2262 2394 2315 adu-

367 2333 629 2388 lescentis
676 2349 922 2387 amorem
967 2335 1202 2403 captans
1250 2333 1386 2403 (XX.
1435 2333 1584 2398 XXI)
1633 2332 1935 2388 inducitur.
2015 2332 2134 2387 Nec
2181 2332 2396 2387 desunt

364 2404 603 2474 parasiti
657 2404 850 2474 (XIV),
908 2403 1149 2458 ancillae
1196 2404 1416 2473 (XXII),
1469 2403 1615 2458 servi
1670 2403 1885 2473 (XXIII.
1941 2402 2139 2472 XXIV)
2193 2407 2392 2473 partes

367 2475 678 2531 sollemnes.
751 2474 994 2545 (Similia
1029 2477 1322 2544 tamquam
1359 2492 1462 2530 sua
1506 2474 1767 2545 exposuit
1811 2492 1847 2527 x
1891 2473 1952 2527 in
1997 2474 2083 2529 ed.
2122 2473 2296 2529 Nonii
2335 2476 2394 2530 Π

1359 2635 1391 2694 Ι

257 2750 362 2800 345
387 2733 690 2801 Consedit
734 2740 1016 2821 uterum,
1061 2738 1193 2801 n6n
1237 2742 1312 2801 ut
1357 2736 1618 2802 omnino
1665 2739 1880 2801 tamen

507 2857 725 2912 Nonius
773 2863 894 2919 230,
935 2863 963 2911 1
1017 2859 1282 2913 ‘uterus
1332 2901 1343 2913 .
1378 2902 1431 2914 ..
1480 2861 1680 2914 neutro
1730 2857 1966 2912 Plautus
2015 2901 2026 2912 .
2061 2901 2115 2912 ..
2161 2860 2393 2912 uterum

366 2928 536 2983 dolet.
634 2928 717 2981 Τιι
787 2927 920 2981 ilius
977 2972 989 2984 .
1021 2974 1032 2984 .
1065 2972 1077 2983 .
1133 2933 1355 2984 uterum
1409 2930 1692 2985 cruciatur
1747 2928 1904 2983 mihi.
1994 2928 2258 2983 Afranius
2324 2928 2391 2981 in

364 2999 635 3070 Vopisco:
675 3016 734 3054 se
782 2999 853 3054 't’
886 3016 933 3055 e.
963 3018 1015 3069 q.
1047 3019 1089 3055 s.

507 3106 763 3161 consedit
799 3108 923 3161 Bue
959 3115 1181 3177 praeter
1216 3109 1356 3163 alios
1399 3107 1547 3163 sedit
1582 3128 1625 3161 ω
1767 3110 1989 3161 uterum
2018 3123 2124 3177 pro
2160 3122 2390 3161 accusa·

363 3180 475 3234 tivo
509 3195 700 3249 yraeco
733 3180 916 3234 habeo.
993 3179 1335 3235 Conieiebam
1363 3187 1650 3249 praeterea
1685 3177 1907 3232 sedauit

1345 3329 1408 3387 Π

362 3430 429 3495 N
431 3431 515 3495 611
561 3429 855 3495 dolorum
899 3431 1215 3515 partionis
1259 3431 1479 3496 ueniet
1523 3433 1592 3497 in
1637 3432 1916 3496 mentem
1962 3430 2128 3496 tibi?

365 3536 540 3612 Quos
568 3537 732 3619 <ne>
758 3537 990 3602 misera
1025 3538 1371 3623 pertulisti,
1407 3541 1483 3603 ut
1517 3539 1776 3623 partum
1806 3539 2123 3622 proiceret
2155 3538 2389 3622 pater?
