2610 4007
285 554 357 603 45

277 2773 349 2822 50

397 125 528 188 202
1173 125 1234 178 L.
1273 124 1639 178 AFRAMVS

1178 291 1640 351 DEPOSITVM

540 408 620 463 cf.
659 408 1128 478 Παρακαταθήκη
1168 407 1465 461 Menandri
1503 410 1560 462 et
1598 407 1852 463 aliorum.

1569 536 1639 599 di'
1680 538 1832 599 sunt
1874 535 2034 610 irati
2073 536 2223 620 tibi,

398 641 522 718 Qui
570 643 857 706 eoneiere
905 641 1146 727 cogites
1193 644 1447 705 tantum
1495 642 1663 705 mali

537 763 754 817 Nonius
794 762 1396 830 90‚10‘eoneiere‚
1445 779 1571 815 cum
1615 762 2041 831 perturbatione
2089 780 2432 818 conmouere

487 834 795 889 ‚Afranius
831 804 1127 902 D’eposito:
1169 832 1249 886 di’
1292 850 1338 888 e
1378 851 1429 901 q.
1471 851 1511 887 s.

540 948 568 994 1
609 941 705 995 An
742 939 897 995 sint?
1041 947 1072 994 2
1111 939 1328 1009 cogitas
1377 941 1562 996 Vrbin.
1604 945 1706 994 307

1182 1090 1640 1150 DIVORTIVM

536 1207 945 1287 Argumentum
998 1205 1165 1274 quale
1224 1206 1299 1259 sit
1355 1209 1589 1275 apparet
1642 1206 1884 1260 maxime
1940 1223 2008 1261 ex
2061 1207 2126 1261 fr
2164 1208 2191 1260 I
2230 1210 2294 1261 et
2330 1207 2422 1261 IV.

391 1277 651 1332 Noveroa
689 1276 885 1332 odiosa
921 1280 1152 1330 notatur
1197 1277 1262 1331 fr.
1303 1278 1404 1345 VI,
1444 1294 1570 1330 eum
1616 1277 1850 1332 fastidio
1898 1281 2287 1332 memorantur
2336 1295 2423 1332 co-

389 1349 562 1431 gnati
584 1348 823 1402 humiles
844 1348 909 1402 fr.
922 1349 989 1413 V
1022 1350 1219 1402 eontra
1246 1348 1513 1401 laudatur
1540 1348 1788 1418 benigna
1818 1352 1874 1403 et
1901 1349 2147 1418 prudens
2175 1349 2424 1403 materni

392 1420 568 1475 animi
605 1420 807 1474 mulier
843 1420 907 1473 fr
937 1393 1055 1474 VH.
1130 1420 1430 1473 Praeterea
1476 1420 1866 1474 meretriculae
1910 1437 2094 1474 mores
2143 1438 2421 1490 agnoscas

390 1492 640 1548 fr.V1112
689 1491 758 1545 de
805 1491 1131 1561 exponendo
1177 1493 1345 1559 partu
1393 1489 1600 1544 dieitur
1654 1491 1719 1546 fr.
1756 1492 1849 1546 IX.
1923 1492 2162 1561 Magnas
2217 1493 2421 1546 turbas

389 1580 685 1631 rerumque
721 1562 1138 1616 vicissitudines
1176 1562 1423 1630 produnt
1458 1561 1523 1617 fr
1561 1562 1614 1614 X
1650 1564 1708 1616 et
1742 1562 1834 1617 ΧΙ.

1383 1696 1413 1752 Ι

1242 1797 1355 1881 qui
1401 1797 1628 1860 sonere
1673 1801 1869 1861 noctu
1916 1798 2283 1862 clanculum

388 1902 528 1966 Rus
573 1902 694 1988 ire,
743 1902 956 1967 dotem
1001 1904 1083 1966 ne
1130 1907 1303 1967 retro
1351 1903 1603 1989 mittas,
1648 1904 1855 1990 uafer,

389 2009 679 2074 Honeste
723 2015 799 2075 ut
842 2010 1059 2075 latites
1107 2013 1169 2075 et
1215 2033 1334 2075 nos
1379 2010 1562 2074 ludas
1609 2010 1866 2076 diutius,

531 2118 750 2185 Nonius
781 2138 866 2200 20,
898 2139 924 2185 1
960 2132 1255 2186 ‘uafrum
1293 2136 1379 2186 est
1416 2132 1686 2186 callidum
1723 2136 1781 2187 et
1816 2133 1980 2202 quasi
2017 2134 2186 2188 ualde
2215 2134 2414 2188 Afrum

387 2206 447 2258 et
487 2203 766 2257 urbanum
804 2248 815 2259 .
849 2249 859 2259 .
894 2248 904 2258 .
942 2204 1208 2258 Afranius
1244 2203 1532 2260 Diuortio:
1570 2205 1688 2271 qui’
1731 2221 1776 2258 e.
1816 2223 1867 2273 q,
1909 2223 1950 2258 s.

533 2317 564 2364 2
602 2328 696 2364 rus
731 2311 812 2364 ire
855 2311 1184 2366 Gulielmius
1220 2311 1435 2365 brusire
1472 2309 1710 2380 (bursire
1758 2303 1944 2366 Vrb'in.
1985 2314 2111 2381 307)
2148 2333 2190 2365 ω
2265 2313 2414 2366 retro

387 2381 584 2435 mittas
639 2384 835 2451 scripsi
887 2381 1143 2436 remittat
1199 2382 1279 2435 1⁴⁷¹
1294 2383 1349 2436 L
1402 2381 1758 2451 repromittat
1810 2386 2040 2452 (pwrwto
2095 2400 2269 2452 supra
2315 2383 2409 2437 ult.

389 2455 493 2508 litt.
532 2454 696 2523 Η)φ
733 2452 1090 2522 repromittas
1132 2454 1460 2508 Gulielmius
1647 2459 1679 2507 3
1717 2452 2012 2507 inhoneste
2055 2454 2265 2510 Onions
2301 2469 2413 2507 non

389 2527 475 2578 est
512 2543 553 2579 ω
652 2471 858 2578 φΙιιᾶαε
899 2524 1088 2579 F³H¹
1125 2524 1326 2578 laudas
1364 2545 1406 2594 φ

1372 2656 1434 2715 Π

390 2757 552 2823 Cum
600 2759 983 2822 testamento
1030 2757 1240 2841 patria
1283 2758 1589 2840 partisset
1635 2758 1807 2822 bona

530 2878 747 2933 Nonius
784 2885 906 2946 475,
945 2884 1012 2931 20
1054 2877 1386 2947 ‘partiret
1422 2896 1521 2947 pro
1558 2879 1900 2948 partiretur.’

531 2985 709 3055 partis
747 2988 805 3039 et
838 2986 934 3040 Ba
968 2983 1147 3053 partis
1186 2985 1284 3038 sed
1324 2985 1380 3038 P
1407 2985 1647 3054 partiret
1680 3003 1722 3041 x

1355 3119 1448 3176 III

389 3220 575 3297 Quod
619 3220 764 3284 uult
812 3220 1044 3283 diserte
1088 3220 1370 3305 paetum,
1415 3219 1574 3284 haut
1623 3220 1863 3284 dietum
1912 3272 1925 3285 .
1975 3273 1988 3285 .
2037 3271 2053 3287 .

528 3341 745 3395 Nonius
767 3347 887 3409 509,
910 3347 975 3394 22
1009 3340 1299 3395 ‘diserte
1340 3344 1397 3395 et
1424 3340 1825 3395 consuetudine
1855 3340 2063 3395 dieitur
2092 3344 2149 3395 et
2169 3340 2399 3397 Astanio

386 3416 614 3467 auctore
652 3412 712 3465 in
748 3411 1030 3467 Diuortio:
1071 3413 1243 3480 quod’
1286 3429 1331 3466 e.
1372 3430 1424 3480 q.
1465 3431 1505 3466 s.

529 3500 671 3553 haut
697 3502 893 3569 scripsi
921 3502 1021 3553 aut
1048 3521 1091 3553 ω
1210 3500 1588 3570 Supplendum
1615 3518 1720 3556 esse
1746 3519 1788 3556 e.
1810 3518 1852 3556 c.
1884 3500 2170 3554 temeriter
2197 3502 2401 3558 conicio
