2610 4007
355 137 484 201 174
1209 136 1525 192 TITINIVS

495 305 524 352 1
566 314 601 352 a
635 299 847 368 scripsi,
886 315 985 354 om.
1024 319 1067 352 ω
1259 303 1289 351 2
1327 298 1480 352 bona
1514 297 1790 351 bonorum
1826 296 2184 352 Her-mannus
2218 296 2384 352 bona

353 370 576 425 Nonius
610 368 823 424 bonum
858 369 1141 426 Prisciani
1176 390 1219 423 ω
1411 373 1444 422 3
1480 368 1645 437 parui
1681 371 1747 422 ut
1784 368 2068 424 Prisciani
2101 379 2148 436 ψ
2179 385 2238 438 p.
2269 373 2381 422 801

352 444 417 495 ut
469 440 634 510 parui
679 441 902 496 Nonius
952 440 1117 509 parui
1164 441 1452 495 Prisciani
1495 461 1538 494 ω
1577 457 1636 510 p.
1677 443 1780 493 789
1828 440 1960 508 (nisi
2004 441 2147 509 quod
2195 454 2388 508 parua

353 512 589 583 Bamb.)‚
629 511 793 583 Sany.
831 529 899 566 m.
939 517 971 566 2
1009 518 1060 567 et
1094 511 1274 582 Bonq.
1316 515 1417 565 801
1572 509 1854 564 faciantur
1894 510 1942 565 Ο
1971 510 2165 580 Nonii,
2205 510 2384 582 Sany.

352 583 484 656 Req.
524 602 590 639 m.
625 590 652 637 1
684 529 880 638 Bamb.
921 583 1090 638 Halb.
1128 600 1197 638 m.
1231 587 1258 634 1
1294 582 1526 637 Carolir.
1563 582 1850 637 Prisciani
1877 599 1936 651 p.
1977 585 2078 635 801

1335 732 1397 790 H

349 834 453 900 Ita
498 836 668 900 enim
714 834 813 898 titi
859 855 1005 898 eum
1051 837 1310 919 oportet
1354 833 1722 898 h‘bertatem
1733 885 1753 920 ‚
1798 832 1914 918 qui
1955 832 2141 917 sapit.

491 954 709 1010 Nonius
745 960 868 1024 481,
908 961 974 1009 19
1014 954 1450 1010 ‘libertatem
1495 955 1598 1009 uti
1681 970 1744 1007 ro
1788 952 1876 1007 uti
1921 952 2204 1008 libertate.
2282 953 2388 1007 Ti·

349 1027 525 1081 tinius
562 1027 679 1083 lib.
707 1026 784 1082 V.
820 1026 979 1080 item’
1021 1043 1068 1081 e.
1106 1044 1159 1095 q.
1198 1045 1239 1081 s.
1293 1025 1571 1097 (Quinto
1668 1027 1910 1094 ercerus)

490 1132 578 1187 ita.
613 1132 764 1187 enim
798 1135 996 1203 scripsi
1029 1132 1167 1187 item
1193 1154 1237 1187 ω
1347 1136 1412 1187 ut
1438 1134 1493 1188 L
1599 1148 1728 1186 eum
1756 1132 2001 1213 oportet]
2030 1148 2157 1186 oum
2183 1134 2391 1201 portet

349 1204 445 1260 Ba
550 1203 636 1258 ita
670 1207 738 1258 ut
771 1220 900 1259 eum
937 1206 1161 1286 oportet
1194 1205 1458 1261 Bothins.
1495 1221 1574 1259 an
1607 1203 1693 1257 ita
1728 1219 1856 1258 eum
1891 1202 1977 1256 uti
2015 1204 2277 1272 oportet?

350 1275 674 1329 libertatem
710 1275 809 1343 qui
846 1274 997 1346 sapit
1031 1277 1269 1332 Bothias
1302 1277 1591 1347 coniunqit

1314 1426 1409 1484 III

370 1528 554 1606 Quod
599 1530 675 1594 esi
717 1529 1037 1614 parasitus
1082 1527 1344 1612 hebeat,
1393 1526 1504 1611 qui
1549 1525 1733 1590 illum
1779 1526 1880 1590 seit
1925 1525 2087 1589 sciat

245 1648 348 1696 100
367 1635 668 1702 Deli'oere‘
706 1639 771 1699 et
814 1639 1069 1700 noctem
1114 1634 1323 1698 ficere
1367 1633 1578 1717 possit
1623 1633 1700 1697 de
1747 1632 1864 1696 die.

488 1755 707 1811 Nonius
746 1760 868 1823 277,
909 1759 974 1808 16
1016 1752 1353 1808 ‘delicere
1409 1756 1497 1808 est
1548 1752 1779 1810 illicere.
1853 1751 2098 1806 Titinius
2146 1751 2262 1807 lib.
2295 1753 2382 1810 V:

348 1827 522 1895 quod’
563 1843 608 1882 e.
648 1844 701 1894 q.
742 1843 783 1880 s,
824 1824 1177 1896 (turpilius
1212 1825 1394 1896 Leid.)

492 1938 519 1985 1
569 1931 667 2000 qui
710 1930 875 1985 illum
920 1930 1178 1986 H'PW
1214 1930 1455 1999 quillum
1489 1932 1574 1986 B¹
1593 1930 1675 1985 L*
1718 1929 1935 2000 quilum
1975 1929 2225 1985 GH¹L¹
2271 1931 2381 2000 qui

346 2002 507 2058 illam
540 2005 597 2059 A
635 2003 711 2058 M
849 2005 939 2057 sat
976 2002 1119 2058 sciat
1154 2005 1352 2073 scripsi
1389 2002 1565 2058 satiat
1597 2005 1654 2059 B
1691 2002 1835 2057 sciat
1870 2023 1914 2073 φ
2041 2002 2139 2069 qui
2175 2002 2382 2058 lunam

348 2075 493 2130 sciat
526 2076 671 2143 Bne,
708 2075 881 2143 facete

1312 2172 1401 2230 IV

348 2273 472 2351 Qui
518 2274 741 2340 exdota
785 2276 992 2337 aetate
1037 2273 1271 2358 sponsa
1315 2273 1447 2338 sit?

487 2395 704 2477 Nonius
733 2401 891 2477 3139,
939 2401 1006 2449 14
1065 2394 1317 2477 ‘deli-ine·
1354 2394 1632 2476 promissa.
1694 2393 1850 2475 diota.
1902 2394 1997 2448 uel
2049 2398 2221 2477 pactu
2270 2396 2383 2450 uel

344 2466 747 2608 ἰξοοᾞὲἱῃᾶὲῗι
783 2469 974 2536 potest
1011 2510 1023 2521 .
1055 2510 1067 2522 .
1099 2510 1110 2522 .
1143 2467 1387 2520 Titinius
1427 2464 1661 2531 Quinto:
1699 2466 1818 2532 qui'
1860 2481 1906 2520 e.
1937 2482 1989 2533 q.
2021 2483 2061 2521 s.
2101 2466 2379 2535 (Diuor-

486 2644 584 2712 qui
622 2646 689 2714 (h.
729 2660 772 2699 e.
811 2644 1112 2713 quomodo)
1149 2664 1192 2697 ω
1231 2643 1324 2697 eui
1360 2644 1439 2699 ed.
1481 2649 1618 2697 1526
1729 2660 1935 2713 sponsa
1973 2643 2049 2697 sit
2085 2643 2379 2712 desponsa

345 2737 412 2770 ωε
452 2717 622 2770 delevi
655 2716 916 2786 ylossema
951 2717 1039 2784 (cf.
1072 2716 1248 2771 Varro
1284 2716 1350 2769 de
1388 2716 1421 2769 l.
1463 2715 1496 2769 Ζ.
1536 2715 1625 2770 VI
1653 2717 1740 2785 70)
1779 2730 1982 2784 sponso
2022 2714 2376 2783 desponsata

345 2786 420 2841 sit
454 2787 692 2842 Bothins
1324 2864 1383 2923 V

344 2966 512 3046 Quid
556 2968 725 3032 istuc
772 2968 912 3033 est‘?
958 2971 1071 3031 aut
1115 2966 1272 3051 quid
1314 2967 1460 3031 istie
1497 2966 1623 3031 sibi
1658 2966 1805 3031 uult
1839 2966 2092 3032 sermo?
2136 2970 2370 3052 mater,

1512 3073 1730 3138 delion.

483 3195 701 3251 Nonius
740 3201 826 3266 98,
865 3201 897 3250 8
938 3195 1226 3264 ‘deliea‚
1265 3193 1525 3264 explana,
1560 3192 1752 3248 indica
1792 3238 1802 3249 .
1837 3194 2220 3250 ..Titinius
2258 3194 2365 3251 lib.

346 3267 416 3324 V.
456 3267 614 3336 quid’
656 3284 701 3323 e.
817 3285 859 3321 s.
932 3266 1089 3320 Idem
1124 3239 1245 3334 277⁵,
1284 3272 1354 3319 24
1395 3264 1653 3319 ‘delioa
1690 3268 1777 3320 est
1813 3236 1969 3335 apeii
2007 3267 2065 3320 et
2101 3265 2364 3336 explana.

343 3338 588 3393 Titinius
624 3338 685 3391 in
723 3239 959 3404 (guinto-
997 3337 1155 3406 quid'
1197 3353 1242 3391 e.
1273 3355 1326 3405 q.
1358 3354 1401 3392 s.

484 3446 572 3501 De
607 3446 875 3513 formulae
920 3444 1057 3513 quid
1110 3443 1257 3499 istuc
1315 3446 1436 3498 est‘?
1501 3445 1956 3513 pronuntiatione
2008 3445 2132 3500 vide
2176 3443 2364 3499 coron.

342 3515 464 3567 LXI
499 3533 573 3583 sq.
692 3519 779 3570 est
814 3517 938 3588 aut]
976 3531 1102 3570 essa
1138 3518 1201 3568 ut
1242 3514 1393 3568 ΘΗι
1431 3531 1550 3569 esse
1587 3517 1652 3568 ut
1686 3515 1743 3568 B
1777 3513 1948 3569 istam
1984 3517 2050 3568 ut
2087 3515 2144 3569 P
2166 3531 2224 3584 p.
2256 3520 2363 3568 277
