2610 4007
872 178 1151 233 DECIMV
1154 178 1190 233 S
1226 178 1585 234 LABERIVS
2105 181 2234 245 349

359 336 578 391 Nonius
609 343 728 404 151,
757 344 826 391 28
864 338 1333 407 ‘portisculus’
1367 339 1813 408 (postisculus
1851 339 2046 394 Bamb.
2084 356 2234 409 per-

215 407 513 462 tisculus
549 426 651 463 ms.
676 407 866 478 Fabri)
899 409 1140 479 ‘proprie
1179 412 1264 463 est
1299 410 1557 464 hortator
1590 410 1879 480 remigum,
1917 410 1978 463 id
2016 413 2101 464 est
2138 411 2236 480 qui

216 480 455 533 eandem
483 479 757 548 perticam
783 482 956 547 tenet,
986 497 1131 548 quae
1158 480 1498 550 portisculus
1529 481 1749 549 dicitur,
1784 499 1896 549 qua
1925 484 1983 536 et
2014 499 2236 535 cursum

215 554 274 605 et
302 551 729 604 exhortamenta
754 551 1079 605 moderatur
1109 596 1119 606 .
1153 596 1163 606 .
1197 596 1207 605 .
1236 552 1506 606 Laberius
1537 552 1855 621 Cythera:
1891 554 2017 606 nec’
2050 569 2095 608 e.
2117 572 2168 622 q.
2191 572 2232 608 s,

214 622 539 691 (Hetaera
576 621 766 676 Carrio
804 622 1034 676 Emend.
1074 624 1101 676 I
1137 630 1168 676 2
1207 639 1237 677 e
1277 623 1696 678 ‘sanctioribus’
1736 623 1917 693 libris)

354 744 734 815 palmularum
764 747 955 802 Carrio
995 747 1313 816 palmarum
1348 768 1391 802 ω
1534 748 1801 818 porticuli
1837 748 1916 802 L¹

1101 986 1358 1046 IMAGO

436 1155 448 1166 .
539 1104 766 1189 genius
810 1105 1062 1191 generis
1107 1105 1287 1190 (est)
1333 1105 1543 1169 nostri
1583 1128 1829 1190 parens,

360 1242 577 1297 Nonius
625 1249 743 1311 119,
788 1249 855 1296 29
915 1244 1185 1314 ‘genius
1240 1244 1551 1315 generis.’
1636 1244 1905 1299 Laberius
1955 1244 2233 1314 Imagine:

217 1313 443 1384 genius’
477 1331 522 1368 e.
552 1332 604 1382 q.
634 1332 675 1368 s,
719 1319 951 1384 (genus
988 1315 1059 1368 L¹
1105 1316 1347 1385 genius
1385 1319 1450 1386 φ)

362 1437 671 1508 geniusque
706 1455 908 1508 parens
945 1438 1166 1509 generis
1201 1439 1382 1494 nostri
1419 1441 1654 1494 Bothius
1698 1455 1874 1509 genus
1915 1439 2093 1492 nostri
2136 1457 2235 1509 pa-

218 1526 349 1563 rens
385 1513 594 1565 sema-ii
627 1513 835 1565 exitum
871 1512 1038 1566 deleto
1073 1510 1294 1580 generis
1331 1528 1371 1564 ω
1406 1513 1496 1580 (cf.
1527 1512 1706 1566 coroll.
1733 1510 2055 1580 LXXXVII)

893 1766 1147 1826 LAOVS
1193 1766 1571 1825 AVERNVS

1211 1892 1241 1948 I

219 1989 601 2077 Versdrum‚
651 2014 781 2057 non
825 1995 1238 2058 numerdrum
1281 2015 1549 2057 numero
1595 1993 1971 2057 studuimus,
2277 2009 2342 2056 55

365 2130 682 2186 Priscianus
727 2150 784 2200 p.
816 2138 916 2185 712
954 2133 1014 2186 Ρ.
1067 2133 1271 2186 ‘uersi
1318 2148 1539 2201 quoque
1583 2149 1684 2201 pro
1730 2149 1923 2186 uersus
1968 2132 2237 2186 Laberius

220 2202 287 2255 in
322 2201 452 2256 lacu
487 2203 736 2257 Auerno:
775 2205 1081 2257 uersorum’
1115 2220 1162 2258 e.
1192 2222 1244 2272 q.
1276 2221 1320 2258 s,

368 2343 723 2380 numerorum
756 2329 953 2396 scripsi
986 2334 1051 2382 ut
1077 2329 1201 2382 Bue
1235 2344 1527 2380 numerum
1563 2347 1622 2395 ω,
1662 2328 1805 2395 quod
1839 2328 2083 2395 suppleto
2110 2328 2239 2380 olim

225 2399 390 2452 initio
436 2399 524 2451 tot
567 2400 650 2452 ita
695 2400 839 2453 tueri
883 2400 1147 2466 conabar,
1192 2406 1256 2452 ut
1295 2414 1524 2451 numero
1564 2414 1668 2467 pro
1707 2399 1959 2452 adverbio
1994 2398 2238 2452 haberem

225 2477 276 2523 et
311 2485 601 2522 numerum
640 2468 953 2522 studuimus
990 2472 1368 2540 coniunyerem

1207 2672 1269 2730 H

230 2771 463 2838 Sesnde
508 2794 637 2835 una
682 2773 933 2837 exoleto
971 2772 1205 2857 (huic)
1240 2774 1513 2857 patienti
1548 2773 1796 2858 (hanc)
1833 2773 2240 2837 eatulientem

1710 2881 1944 2964 lupam.

372 3008 588 3062 Nonius
635 3015 718 3077 90,
758 3015 825 3063 32
875 3009 1246 3063 ‘catullire’
1301 3009 1491 3079 (immo
1539 3009 1857 3078 catulire‚
1910 3012 1975 3064 ut
2019 3009 2243 3079 scripsit

230 3079 488 3141 Guietus)
524 3079 774 3134 ‘esurire'
812 3082 943 3149 (‘est
980 3079 1176 3134 surire’
1209 3080 1507 3151 Gesnerus)
1546 3081 1660 3134 ‘uel
1696 3080 2001 3135 libidinari.
2065 3081 2242 3134 Labe-

231 3151 350 3204 rius
387 3150 448 3203 in
485 3151 662 3204 Lacu
699 3151 1007 3205 balerna:
1048 3151 1260 3205 scinde’
1293 3168 1339 3205 e.
1362 3170 1412 3220 q.
1436 3171 1476 3206 s.
1518 3151 1787 3221 (lacuba
1818 3197 1828 3207 .
1862 3197 1872 3207 .
1904 3153 2135 3206 elerna
2170 3152 2240 3205 P¹

229 3222 408 3275 Lacu
445 3222 710 3275 Auerno
748 3222 1040 3291 Bentinus)

374 3354 487 3390 una
514 3354 627 3390 una
656 3338 733 3391 W
760 3354 874 3389 una
902 3354 1029 3390 cum
1150 3339 1442 3392 icheratius
1468 3340 1532 3391 in
1566 3341 1869 3407 septenario
1906 3340 2136 3392 iambico

230 3407 451 3461 exoleto
506 3410 685 3462 Aldus
744 3408 997 3461 exculeto
1126 3408 1147 3439 ⁸
1165 3409 1234 3462 H
1244 3408 1261 3439 ¹
1324 3409 1572 3463 excoleto
1629 3430 1671 3478 φ
1738 3409 1953 3463 exolete
2009 3408 2244 3463 Bothius

338 3478 468 3532 huic
517 3477 759 3548 patienti
803 3481 1001 3549 scripsi
1048 3478 1420 3548 inpatientem
1465 3481 1542 3534 W
1581 3479 1884 3549 inpatienti
1930 3501 1972 3549 φ
2151 3495 2241 3533 ex-

231 3550 471 3603 soletum
506 3549 874 3618 inpatientem
914 3567 979 3603 ac
1015 3552 1139 3605 Bue
1282 3551 1624 3605 catulentem
1663 3552 1831 3605 F¹L¹
