2610 4007
871 140 1242 196 CAECILIVS
1281 140 1580 196 STATIVS
2151 141 2233 206 91

211 299 376 354 unius
403 299 697 354 cuiusdam
733 300 989 370 operis,
1028 304 1093 355 ut
1121 300 1204 355 ait
1231 299 1525 371 Caecilius,
1563 301 1883 372 remigem
1918 301 2230 370 aliquem

212 374 331 426 aut
373 371 679 425 baiulum
721 371 885 426 nobis
932 375 1211 427 oratorem
1248 372 1648 442 descripseras,
1685 372 1912 442 inopem
1948 373 2233 441 quendam

210 441 581 497 humanitatis
619 444 790 511 atque
826 442 1204 497 inurbanum.'

352 548 535 619 operis
549 548 819 619 remigem
832 549 1079 618 aliquem
1094 552 1195 604 aut
1207 549 1462 604 baiulum
1475 557 1605 607 swnt
1618 552 1716 621 qui
1727 552 1977 607 tribuant
1996 548 2235 606 Caecilio

1116 695 1342 780 [XXVI
2238 712 2344 761 275

205 799 383 865 Dum
428 801 734 887 taeniam,
782 801 893 886 qui
937 801 1171 866 uolnus
1215 801 1518 887 uincire‘t‚
1565 802 1758 887 petit]

349 921 551 976 Festus
586 940 639 992 p.
670 928 773 977 360
811 923 886 976 Μ.
929 922 1232 977 ‘taenias
1271 922 1547 978 Graecam
1594 939 1792 978 uocem
1838 921 1918 978 sic
1960 922 2235 993 interpre-

206 996 366 1047 tatur
392 992 638 1063 VerriuS,
676 996 741 1047 ut
777 992 933 1047 dicat
969 996 1359 1048 ornamentum
1393 1010 1515 1048 esse
1552 994 1779 1049 laneum
1814 994 2019 1065 capitis
2055 995 2233 1050 hono-

204 1063 347 1133 rati,
394 1066 463 1117 ut
507 1063 583 1119 sit
627 1064 781 1134 apud
826 1063 1204 1120 Caecilium
1248 1064 1319 1119 in
1354 1065 1770 1136 Androgyno
1807 1066 1978 1190 [HJ-let
2025 1066 2231 1121 alias:

205 1135 364 1189 dum’
405 1151 454 1190 e.
483 1152 536 1203 q.
567 1153 608 1189 s.
667 1135 729 1190 Ο.
759 1135 1049 1205 Muellero‚
1086 1136 1179 1191 cui
1213 1135 1309 1190 hic
1344 1136 1649 1191 versiculus
1691 1136 1851 1193 Caec'
1884 1136 1917 1148 ’“
1957 1154 2074 1191 non
2111 1153 2234 1191 esse

203 1206 525 1331 ἔίἷθὴαὺυι,
562 1206 646 1261 ita
685 1206 987 1277 adsentior,
1032 1209 1098 1261 ut
1142 1206 1471 1277 tragoediae
1517 1207 1693 1263 etiam
1735 1208 1916 1263 multo
1955 1208 2233 1279 aptiorem

247 1294 280 1332 a
323 1294 466 1332 eam.

348 1382 496 1453 petit
531 1400 631 1439 om.
677 1383 910 1460 Vrsinus

1106 1498 1337 1557 XXVII

383 1599 808 1684 Profertoque
854 1600 1042 1665 nobis
1088 1600 1156 1664 in
1200 1598 1441 1665 mundo
1488 1600 1780 1663 futurum

385 1706 654 1771 Lectum

347 1827 555 1882 XXVII
591 1845 671 1896 sq.
711 1827 995 1883 Charisius
1031 1846 1084 1898 p.
1118 1833 1217 1882 181
1247 1830 1308 1883 P.
1351 1828 1449 1881 ‘in
1493 1826 1739 1882 mundo
1785 1844 1887 1897 pro
1932 1826 2126 1897 palam
2173 1831 2231 1882 et

202 1900 264 1954 in
302 1898 586 1969 expedito,
626 1915 692 1953 ac
719 1899 858 1969 cit03
896 1899 1130 1954 Plautus
1161 1943 1174 1955 .
1205 1942 1216 1953 .
1250 1942 1263 1955 .
1293 1898 1570 1954 Caecilius
1598 1915 1836 1968 quoque,
1866 1901 1932 1953 ut
1958 1899 2223 1953 Annaeus

202 1971 483 2027 Cornutus
527 1969 674 2025 libro
721 1970 839 2026 tab.
887 1973 1170 2026 castarum
1212 1970 1392 2042 patris
1439 1969 1551 2027 sui:
1606 1969 1968 2040 profecto’-
2000 1986 2048 2025 e.
2087 1989 2140 2040 q.
2181 1988 2224 2026 s.

204 2044 369 2097 ‘item
402 2042 579 2097 idem:
624 2044 939 2111 namque’
981 2059 1027 2097 e.
1066 2060 1119 2111 q.
1159 2060 1199 2098 s.
1239 2042 1360 2114 (lib
1408 2045 1526 2112 ta}
1567 2045 1812 2097 castaf
1837 2042 2068 2123 patris
2117 2042 2225 2096 sui

203 2115 326 2169 cod.
365 2113 549 2168 libro
585 2112 979 2169 fabularum
1015 2116 1361 2168 castarum
1395 2112 1616 2183 patris
1655 2113 1760 2167 sui
1786 2112 2223 2168 Lmdemannus.

200 2186 267 2239 In
302 2183 511 2240 litteris
557 2185 676 2238 tab
725 2188 1072 2240 castarum
1110 2183 1171 2241 Ο.
1200 2184 1437 2239 Jahnius
1474 2183 1693 2254 Proleg.
1731 2183 1792 2237 in
1828 2184 1976 2240 Pers.
2015 2203 2070 2254 p.
2098 2185 2229 2238 XXI

200 2256 383 2311 latere
412 2255 653 2311 coniecit
688 2254 1266 2327 tabernariarum,
1294 2255 1356 2309 in
1384 2254 1748 2325 sequentibus
1778 2256 1968 2309 autem
2002 2255 2228 2324 patris

204 2327 310 2382 sui
348 2326 582 2382 titulum
615 2327 860 2398 fabulae,
901 2325 1283 2383 Caecilianum
1320 2326 1560 2395 denique
1597 2326 1784 2381 locum
1820 2325 2120 2396 excidisse3
2156 2326 2229 2381 in

201 2398 386 2453 libro
433 2399 459 2452 I
504 2397 962 2469 epistularum
1015 2397 1376 2453 conieceram.
1433 2397 1613 2451 libro
1666 2395 2065 2451 tabularum
2119 2415 2229 2452 ca-

202 2468 579 2525 strensium
612 2470 731 2523 Bue
767 2486 907 2524 mus.
946 2469 1123 2523 Rhen.
1161 2469 1393 2524 XXXIV
1430 2470 1555 2537 347)

351 2583 378 2629 1
419 2576 778 2646 profertoque
813 2577 1013 2647 scripsi
1045 2577 1360 2633 dubitanter
1392 2575 1644 2645 profecto
1682 2575 1781 2643 qui
1822 2576 1938 2631 cod.

1084 2726 1343 2784 XXVIII

450 2877 462 2891 .
511 2877 524 2891 .
570 2848 847 2911 namque
891 2825 1137 2910 (mihi)
1180 2827 1422 2891 malum
1469 2827 1535 2891 in
1582 2826 1913 2912 mund6st,
1960 2848 2065 2891 ere

345 2964 483 3001 num
518 2946 618 3016 qui
651 2948 1076 3003 Lindemannus
1109 2964 1244 3002 nam
1279 2947 1372 3001 cui
1401 2965 1560 3019 prop.
1595 2948 1722 3004 Bue
1866 2947 1927 3001 in
1964 2949 2231 3004 mundost

204 3034 295 3073 ere
332 3020 458 3072 Bue
505 3019 866 3074 Coniectanea
908 3019 1060 3075 Latt.
1098 3019 1334 3091 (1868s9)
1364 3037 1421 3089 p.
1454 3026 1483 3074 7
1521 3018 1582 3072 in
1627 3019 1838 3073 mundo
1885 3019 1935 3073 si
1981 3019 2064 3075 ire
2110 3022 2226 3076 cod.

312 3107 448 3144 nam
484 3089 620 3158 quia
653 3089 867 3144 malum
901 3089 962 3143 in
997 3089 1205 3144 mundo
1243 3106 1365 3144 esse
1403 3089 1571 3145 sciret
1606 3093 1742 3146 coni.
1786 3090 2009 3147 Keilius

1120 3240 1317 3300 XXIX

207 3321 277 3388 Si
320 3325 455 3388 non
499 3323 723 3389 sarciri
771 3323 991 3408 quitur

344 3444 645 3500 Diomedes
690 3464 745 3515 p.
784 3451 887 3501 380
933 3447 992 3500 Ρ.
1044 3444 1310 3499 ‘Accius
1357 3444 1547 3514 quitus
1586 3462 1710 3499 sum
1754 3486 1774 3504 .
1806 3484 1826 3502 .
1864 3488 1878 3500 .
1924 3447 2222 3513 queuntur.

206 3513 483 3570 Caecilius
518 3519 834 3586 praeterea:
875 3516 923 3571 si
958 3535 1013 3571 n.
1052 3535 1095 3570 s.
1133 3515 1366 3584 quitur.’
