2610 4007
431 132 563 195 254
1207 132 1267 187 L.
1302 132 1671 187 AFRANIVS

575 298 602 345 1
645 294 704 346 et
739 291 889 346 enim
926 292 1039 346 Leo
1067 293 1162 347 Pl.
1194 291 1262 346 F.
1294 297 1400 347 304
1555 298 1586 346 2
1625 292 1723 361 qui
1758 293 2062 378 propositis
2101 295 2237 362 cod„
2276 301 2462 350 trans·

420 365 602 433 posui.
642 362 740 431 qui
774 361 1111 432 praepositis
1148 366 1229 419 ed.
1262 382 1352 434 pr.
1412 435 1425 446 .
1505 380 1750 419 noenum
1784 367 1981 446 scrip&
2024 370 2116 434 1ιό,
2153 367 2192 420 i.
2223 382 2268 420 e.
2307 382 2463 420 nunc

428 436 543 490 cod.
689 437 786 503 qui
821 452 876 504 p.
914 451 1028 488 non
1063 434 1188 489 Bue
1331 451 1468 503 quin
1503 438 1702 506 scripsi
1746 453 1845 504 qui
1879 438 1993 491 cod.

1363 620 1506 679 XVI

424 722 639 788 Homo
684 722 1067 787 mulierosus
1113 720 1399 786 conferet
1445 744 1547 786 me
1593 722 1720 787 alio
1766 722 1939 787 ssico,

564 843 782 898 Nonius
820 849 905 913 28,
944 849 1012 897 25
1054 843 1441 897 ‘mulierosi
1479 841 1620 898 dicti
1655 843 1954 898 mulierum
1990 846 2368 914 appetentes?

566 950 815 1004 conferet
856 965 946 1003 me
1002 952 1101 1019 (an
1144 966 1204 1003 se
1214 953 1261 1031 ?)
1318 949 1433 1004 alio
1477 949 1611 1004 ilico
1656 953 1864 1006 conieci
1907 950 2124 1005 confert
2177 966 2269 1005 me
2315 951 2460 1006 ilico

422 1020 536 1075 alio
582 1042 625 1075 ω
682 1020 795 1075 alio
842 1020 1059 1076 confert
1101 1037 1191 1075 me
1236 1020 1393 1075 illico
1439 1022 1678 1076 Bothius
1731 1021 1948 1076 confert
2003 1021 2114 1076 alio
2170 1038 2261 1076 me
2314 1022 2461 1077 ilico

428 1093 809 1163 Quicheratius
850 1091 1066 1147 confert
1101 1094 1190 1146 me
1227 1091 1342 1146 alio
1381 1091 1515 1147 ilico
1552 1093 1678 1147 Bae

876 1336 877 1339 ,
1343 1278 1517 1337 XVII

417 1378 592 1444 Dum
637 1380 824 1464 <me>
868 1380 1283 1466 morigeram,
1331 1378 1483 1444 dum
1528 1388 1851 1446 morosam
1895 1379 2191 1465 prae'beO,

416 1486 665 1552 Deinde
710 1485 956 1571 aliquid
1001 1485 1215 1551 dedita
1260 1488 1458 1572 opera
1503 1486 1978 1551 controuersiae

420 1592 766 1679 (Bonosum,
810 1592 993 1658 laedo
1038 1592 1364 1657 interdum
1409 1593 1835 1658 contumeliis,

558 1714 774 1768 Nonius
812 1720 936 1783 433,
963 1720 1032 1768 28
1072 1715 1394 1784 ‘morata‚
1432 1714 1584 1783 quod
1621 1717 1709 1769 est
1744 1714 2041 1784 morigera,
2080 1717 2139 1768 et
2173 1730 2458 1768 morosa

414 1785 561 1838 hanc
606 1784 821 1839 habent
866 1785 1224 1854 distantiam,
1272 1785 1424 1854 quod
1468 1802 1691 1839 morosa
1736 1788 1824 1839 est
1871 1785 2166 1839 contrariis
2214 1788 2274 1839 et
2317 1802 2455 1854 per·

416 1855 591 1909 uersis
627 1856 915 1912 moribus.’
992 1857 1257 1924 (‘morata
1303 1859 1393 1910 est
1435 1856 1736 1926 morigera’
1775 1856 1926 1910 inter
1966 1856 2161 1925 ‘quod’
2202 1859 2262 1910 et
2301 1858 2454 1911 ‘mo-

413 1928 563 1981 rosa’
602 1926 801 1981 inserit
835 1930 893 1997 x)
963 1928 1119 1981 Idem
1156 1934 1277 1996 529,
1317 1935 1350 1983 6
1401 1927 1684 1996 ‘quotiens
1729 1944 1935 1998 genere
1981 1931 2182 1982 neutro
2229 1926 2452 1996 plurali

412 2015 643 2054 numero
673 2016 880 2069 opera
906 1998 1223 2070 legerimus,
1263 1998 1654 2070 significantur
1680 1998 1932 2054 fabricae
1964 2044 1975 2056 .
2000 2044 2013 2055 .
2036 2044 2047 2054 .
2079 2017 2206 2053 cum
2233 2016 2453 2070 genere

411 2070 681 2125 feminino
716 2088 948 2125 numero
985 2070 1282 2140 singulari,
1330 2070 1528 2125 intelle
1600 2071 1775 2124 ndum
1811 2073 1913 2125 aut
1959 2087 2097 2140 opus
2136 2071 2231 2124 uel
2276 2070 2453 2125 labor

411 2159 514 2224 pro
558 2143 813 2241 mercede
856 2145 1082 2212 sumpta
1243 2140 1510 2196 Afranius
1600 2142 1817 2211 opisco:
1868 2142 2116 2196 deinde
2282 2158 2451 2197 con-

413 2231 632 2269 cinno.

555 2326 583 2374 1
620 2337 710 2375 me
747 2322 1112 2390 Passeratiaeae,
1149 2337 1249 2376 om.
1279 2341 1322 2375 ω
1482 2326 1513 2374 2
1553 2319 1794 2392 aliquid]
1833 2320 1894 2373 id
1933 2325 2051 2391 (om.
2077 2321 2246 2390 Golb.)
2285 2321 2447 2388 quod

408 2413 451 2447 ω
482 2410 541 2461 p.
572 2398 675 2446 529
819 2392 1200 2447 controuersia
1236 2392 1329 2447 Ba
1363 2409 1418 2461 p.
1451 2397 1555 2446 529
1699 2397 1732 2445 3
1771 2391 2007 2446 eacinno
2042 2392 2137 2447 Ba
2168 2410 2228 2461 p.
2258 2397 2367 2445 529

1314 2595 1520 2654 XVIII

300 2711 437 2760 375.
530 2749 546 2761 .
637 2697 1030 2762 tumultu6se
1077 2701 1143 2761 et
1187 2697 1436 2761 cunctis
1480 2696 1684 2780 copiis

550 2817 833 2873 Charisius
869 2836 923 2888 p.
949 2824 1049 2873 197
1086 2819 1146 2873 P.
1188 2818 1687 2873 ‘tumultuose’

1341 3005 1482 3062 XIX

400 3106 721 3172 Exclfidat
765 3129 930 3172 uxor
978 3108 1110 3171 tam
1156 3106 1551 3172 confidenter
1597 3105 1854 3170 uirum?

318 3309 319 3312 Ἴ
398 3213 551 3281 Non
595 3214 803 3279 faciet.

537 3335 754 3390 Nonius
794 3342 913 3406 262,
945 3341 1012 3390 16
1053 3333 1508 3390 ‘confidentia
1551 3350 1770 3386 rursum
1806 3332 2118 3402 temeritas,
2170 3327 2420 3390 audacia

399 3452 445 3463 ..
472 3451 517 3463 ..
555 3407 819 3461 Afranius
847 3408 1116 3478 Vopisco:
1155 3405 1438 3461 excludat’
1473 3421 1519 3459 e.
1551 3422 1602 3473 q.
1635 3422 1676 3458 s,

539 3521 571 3568 2
609 3513 787 3568 faciat
825 3516 919 3568 W¹
