2610 4007
930 107 1308 162 PVBLILIVS
1347 109 1577 164 SYRVS
2137 110 2266 174 369

804 294 910 352 EX
955 294 1329 353 INGERTIS
1375 295 1715 353 FABVLIS

1243 420 1275 476 I

237 520 595 605 [Luxtiriae
639 520 808 584 rictu
854 520 1081 584 Martis
1126 526 1415 585 marcent
1459 522 1730 585 moenia.

238 627 383 691 Tuo
429 627 647 710 palato
694 627 947 690 clatisus
993 649 1162 710 pauo
1208 628 1496 711 pascitur
2044 700 2047 703 ,

239 733 544 797 Plumato
591 733 863 796 amictus
910 738 1101 797 atireo
1147 733 1573 819 Babylonico,
2341 753 2376 803 5

244 838 501 904 Gallina
546 839 670 903 tibi
713 839 1085 923 Numidica,
1130 838 1253 903 tibi
1299 842 1510 926 galltis
1554 842 1777 925 spado:

184 970 213 1010 5
247 946 511 1011 Ciconia
557 947 750 1010 etiam
795 947 981 1032 grata
1026 947 1364 1032 peregrina
1408 947 1665 1031 hospita

241 1052 721 1117 Pietaticultrix
766 1054 1106 1138 gracilipes
1152 1053 1542 1118 crotalistria

241 1158 432 1244 Auis,
480 1160 629 1223 exul
673 1159 904 1223 hiemis
912 1211 930 1243 ‚
982 1159 1214 1223 titulus
1259 1160 1460 1244 tepidi
1507 1162 1816 1245 temporis
1825 1214 1843 1246 ,

242 1265 589 1350 Nequitiae
635 1266 859 1329 nidum
905 1266 974 1329 in
1020 1266 1289 1331 caccabo
1338 1266 1491 1331 fecst
1537 1267 1749 1332 modo.
2307 1287 2376 1335 10

247 1372 387 1450 Quo
434 1373 852 1458 margaritam
898 1374 1109 1436 caram
1157 1372 1279 1436 tibi
1289 1425 1308 1457 ‚
1356 1372 1577 1437 bacam
1624 1373 1955 1458 'Indicam‚

163 1502 216 1541 ιο
248 1479 672 1566 Smaragdum
719 1480 795 1543 ad
844 1503 1036 1564 quam
1082 1502 1216 1544 rem
1262 1479 1556 1564 uiridem,
1606 1482 1956 1563 pretiostim
2004 1483 2268 1566 nitrum,
2306 1500 2378 1548 14

246 1584 386 1663 Quo
438 1584 907 1649 Carchedonios
954 1588 1139 1670 optas
1186 1586 1368 1671 ignes
1414 1586 1726 1671 lapideos,
2307 1608 2374 1656 15

242 1692 390 1757 Nisi
437 1696 512 1756 1st
556 1691 911 1756 scintilles?
974 1692 1264 1776 pr6bitas
1312 1697 1410 1755 est
1456 1691 1896 1757 carbtinculus.

244 1797 349 1863 An
395 1803 471 1862 fit
515 1802 809 1863 matrona
855 1801 1081 1863 ornata
1124 1799 1408 1882 phaleris
1451 1799 1723 1885 pelagiis
2308 1822 2375 1870 12

247 1906 462 1970 Tollat
506 1905 698 1989 pedes
744 1905 1057 1969 indomita
1104 1906 1172 1968 in
1218 1909 1421 1969 strato
1470 1905 1816 1970 extraneo?

166 2036 220 2074 15
251 2012 548 2097 Aequum
596 2014 693 2075 est
739 2012 999 2076 induere
1044 2017 1313 2096 miptam
1344 2017 1625 2076 uentum
1671 2014 1989 2098 textilem,
2308 2035 2379 2083 17

246 2119 470 2183 Palam
515 2121 805 2202 prostare
850 2119 1087 2182 midam
1135 2120 1202 2183 in
1249 2119 1485 2183 nebula
1529 2119 1698 2183 linea
1710 2119 1772 2204 ‘?]

388 2238 683 2293 Petronius
723 2244 789 2292 55
840 2240 1032 2308 ‘rog0‚
1079 2239 1294 2307 inquit’
1338 2239 1719 2308 (Trimalchio)
1765 2240 2081 2309 ‘magister,
2129 2241 2267 2309 quid

246 2314 415 2382 putas
466 2310 615 2363 inter
660 2309 981 2364 Ciceronem
1032 2312 1090 2364 et
1134 2310 1442 2363 Publilium
1492 2311 1798 2366 interesse?
1871 2329 1974 2381 ego
2026 2313 2268 2366 alterum

247 2385 385 2452 puto
424 2380 774 2435 disertiorem
816 2381 1015 2449 fuisse,
1064 2381 1303 2434 alterum
1349 2382 1741 2435 honestiorem.
1817 2383 1954 2449 quid
1992 2383 2141 2437 enim
2178 2384 2267 2438 his

249 2453 449 2506 melius
498 2452 610 2505 dici
655 2455 879 2522 potest?
943 2453 1101 2505 luxu
1116 2452 1280 2506 riae’
1324 2470 1368 2506 e.
1400 2472 1451 2521 q.
1484 2472 1523 2506 s.
1603 2453 1963 2523 Bernhardyo
2009 2454 2141 2511 hist.
2180 2455 2265 2510 lit.

250 2526 408 2578 Rom.
439 2529 543 2577 460
581 2524 894 2593 exemplum
931 2523 1287 2578 Publilianae
1326 2524 1463 2577 artis
1499 2523 1713 2577 imitari
1748 2525 1929 2594 magis
1968 2543 2139 2594 quam
2175 2543 2269 2580 ex-

249 2595 489 2666 primere
527 2594 788 2648 videntur
824 2595 884 2648 hi
921 2612 1129 2649 versus,

397 2708 423 2754 1
463 2700 576 2753 ritu
620 2702 850 2772 Trayur.
995 2708 1025 2755 2
1068 2701 1318 2771 pascitur
1354 2702 1594 2772 Scaliyer
1637 2702 1889 2756 nascitur
1930 2705 2159 2774 Trayur.

250 2779 284 2826 6
329 2771 739 2841 pietaticultrix
774 2774 930 2828 Leid.
977 2772 1207 2842 pietatis
1255 2772 1459 2827 cultrix
1496 2794 1537 2843 φ
1683 2779 1714 2826 8
1760 2775 1926 2828 modo
1963 2776 2269 2843 Jacobsius,

253 2844 378 2897 Bue
413 2859 538 2896 meo
577 2864 618 2896 ω
778 2850 809 2896 9
846 2843 1213 2913 margaritam
1249 2861 1436 2897 caram
1473 2847 1669 2913 scripsi
1712 2845 2020 2914 margarita
2058 2862 2188 2899 cara
2224 2868 2266 2900 ω

359 2913 484 2980 tibi,
522 2914 724 2966 bacam
750 2914 1001 2967 Indicam
1030 2916 1297 2970 Heinsius
1333 2914 1441 2968 tibi
1477 2916 1620 2969 baca
1649 2916 1844 2985 (bacca
1867 2917 2045 2985 Leid.)
2077 2916 2270 2970 indica

253 2986 423 3040 Bern.
445 2986 601 3039 Leid.
639 2984 859 3039 tribaca
894 2985 1085 3039 indica
1123 3008 1165 3054 φ
1204 2986 1486 3039 uitribaca
1522 2986 1716 3040 Indica
1754 2990 1889 3042 coni.
1912 2989 2036 3042 Bue
2135 2990 2269 3043 Post

250 3058 395 3110 hunc
432 3074 641 3110 versum
678 3060 943 3125 quaedam
978 3059 1235 3112 eoecidisse
1272 3060 1400 3112 olim
1434 3065 1784 3126 putaveram.-
1830 3060 2103 3113 miscuisse
2142 3060 2267 3114 Tri·

253 3129 606 3181 malchionem
643 3145 774 3197 quos
809 3130 1125 3182 meminerat
1161 3129 1293 3199 Syri
1327 3146 1509 3183 versus
1546 3130 1716 3183 credit
1751 3131 1892 3197 Bue,
1927 3132 2054 3184 huic
2088 3133 2272 3185 versui

254 3204 380 3268 apte
416 3200 733 3253 continuari
767 3217 814 3253 v.
839 3205 920 3267 14,
959 3207 1009 3253 et
1044 3217 1092 3253 v.
1116 3204 1180 3251 12
1200 3217 1273 3268 sq.
1307 3207 1432 3268 post
1465 3218 1513 3254 v.
1538 3205 1601 3252 15
1621 3217 1696 3269 sq.
1733 3203 1885 3270 sequi
1920 3202 2161 3255 debuisse

258 3275 324 3323 10
371 3268 552 3322 uiride
597 3287 650 3339 p.
689 3287 741 3324 u.
782 3273 919 3325 coni.
948 3271 1072 3324 Bue
1244 3277 1305 3323 11
1355 3272 1546 3339 portas
1593 3273 1751 3325 malit
1792 3273 2058 3326 Heinsius
2103 3274 2267 3340 aptas

251 3341 540 3396 Jacobsius
702 3347 765 3394 12
807 3340 1079 3394 scintilles
1118 3342 1386 3396 Heinsius
1429 3340 1701 3395 scintillet
1735 3354 1781 3411 ψ
1829 3342 2071 3395 scintille
2119 3343 2268 3397 Voss.

256 3411 568 3466 scintillent
605 3433 635 3481 χ
767 3415 853 3466 est
886 3425 932 3481 ψ
971 3429 1000 3466 e
1040 3413 1206 3466 Bern.
1338 3413 1473 3466 ‘nisi
1505 3414 1642 3479 forte
1671 3415 1998 3482 probitatem
2034 3414 2268 3467 carbun-

254 3484 437 3538 culum
463 3485 716 3538 habueris
743 3487 839 3553 qui
871 3485 1170 3539 scintillare
1198 3484 1414 3538 debeat'
1455 3485 1845 3553 interpretatm·
1871 3485 2011 3551 Bue,
2046 3486 2098 3538 si
2127 3502 2272 3539 sana

366 3582 525 3623 Scaen.
553 3594 675 3631 poes.
702 3583 832 3624 Rom.
860 3582 1023 3633 fragm.
1053 3584 1121 3624 ed.
1150 3584 1383 3622 ermcx.
1411 3582 1472 3622 Π.
1882 3578 1951 3625 24
