2610 4007
908 135 1278 192 CAECILIVS
1318 135 1619 192 STATIVS
2189 137 2275 201 87

387 297 568 352 Varro
594 298 685 351 de
731 297 766 350 1.
806 297 843 352 l.
888 272 987 350 VII
1024 302 1125 351 103
1163 298 1238 352 M.
1281 297 1493 352 ‘multa
1544 297 1616 351 ab
1668 295 1999 350 animalium
2035 295 2272 351 uocibus

242 369 458 425 tralata
494 368 556 422 in
591 368 873 437 homines,
908 368 1118 438 partim
1154 383 1298 436 quae
1337 371 1470 423 sunt
1505 370 1726 438 aperta,
1764 366 1974 437 partim
2011 367 2268 423 obscura.

242 439 566 511 Perspicua,
594 442 660 494 ut
688 482 700 494 .
724 484 734 494 .
760 484 770 494 .
802 438 1120 496 Caecilii:
1158 440 1404 494 tantum’
1438 456 1483 494 e.
1505 457 1559 508 q.
1580 457 1621 494 s.
1661 438 1848 508 (Cilii
1883 438 2029 492 Flor.
2058 439 2266 509 Haun.)

385 548 612 601 tantam
647 546 906 617 Scaliyer,
943 548 1040 617 qui
1071 545 1327 600 dibalare
1354 563 1472 600 rem
1498 547 1888 615 interpretatum
1914 552 2271 615 καταφαγεῖν

242 618 350 688 τὴν
379 614 606 673 οὐσίανε
635 619 797 673 immo
815 619 1160 687 vituperatum
1177 619 1274 688 qui
1290 624 1549 673 seeretwn
1565 616 1831 687 balando,
1851 618 1891 671 i.
1911 633 1953 671 e.
1973 618 2270 689 garriendo
2326 656 2329 659 ⁴
2440 685 2445 692 ,

242 690 468 758 differre
503 696 554 744 et
589 690 872 761 divulgare
905 706 1020 745 non
1053 690 1257 744 veritus
1291 690 1379 745 sit.
1418 690 1645 743 tantum
1680 708 1723 743 ω

1185 821 1338 881 VIII

314 973 327 986 .
376 973 391 987 .
437 972 453 988 .
499 920 694 987 nimis
740 920 1041 987 audacem
1085 920 1407 1007 nimisque
1452 921 1724 988 bardum
1768 919 2117 986 barbarum
2275 960 2384 1009 250

390 1042 559 1097 Pauli
585 1043 783 1098 Festus
809 1062 864 1113 p.
895 1050 963 1098 34
989 1044 1082 1098 M.
1108 1044 1393 1098 ‘bardus
1432 1044 1654 1111 stultus,
1693 1060 1728 1098 a
1754 1043 2028 1098 tarditate
2053 1042 2274 1114 ingenii

247 1113 590 1185 appellatur.
665 1114 967 1171 Caecilius:
1003 1114 1195 1169 nimis’
1237 1132 1283 1171 e.
1324 1134 1376 1184 q.
1418 1133 1459 1170 s.

798 1321 807 1329 .
1223 1265 1312 1323 IX

250 1364 648 1451 Qm'squilias
692 1363 999 1451 uolantis,
1045 1365 1225 1430 uenti
1271 1364 1477 1450 sp6lia
1522 1370 1906 1431 memorant:
1943 1365 1975 1430 1'
2013 1364 2239 1432 modo!

252 1536 259 1542 .
394 1489 593 1544 Festus
630 1506 682 1557 p.
724 1493 827 1541 257
864 1488 939 1541 M.
982 1486 1442 1556 ‘quisquiliae
1499 1486 1612 1540 dici
1664 1490 1938 1557 putantur
1992 1486 2274 1555 quidquid

247 1577 323 1615 ex
355 1559 648 1614 arboribus
685 1557 918 1613 minutis
955 1558 1302 1612 surculorum
1338 1557 1671 1613 foliorumue
1704 1557 1875 1627 cadit,
1912 1556 2073 1612 uelut
2110 1558 2279 1626 quid-

247 1630 607 1700 quidcadiae.
683 1629 984 1685 Caecilius:
1022 1628 1381 1698 quisquilias’
1422 1645 1469 1684 e.
1499 1647 1551 1698 q.
1583 1648 1623 1684 s.
1699 1629 1777 1684 Cf.
1816 1628 2054 1699 Hymnis
2089 1629 2186 1684 VI.

396 1753 696 1803 memoras,
735 1735 758 1789 i
792 1736 959 1791 modo
998 1736 1240 1807 Scaliyer

1242 1868 1298 1926 X

245 1968 584 2037 Omnibus
628 1969 895 2036 laetitiis
940 1969 1147 2036 laetus
1199 1967 1426 2035 incedo
1476 2020 1492 2036 .
1539 2020 1553 2034 .
1601 2020 1615 2034 .
1645 2001 1677 2035 ¹.
1727 2022 1740 2035 .

397 2091 590 2147 Cicero
630 2091 699 2146 de
736 2092 828 2147 fin.
865 2093 918 2146 Π
953 2099 1005 2162 4,
1045 2098 1110 2145 13
1153 2092 1305 2146 ‘nam
1343 2094 1401 2146 et
1435 2090 1534 2144 ille
1577 2091 1726 2161 apud
1763 2091 2039 2146 Trabeam
2074 2091 2278 2162 uolup-

200 2166 201 2169 ’
250 2165 433 2219 tatem
469 2163 647 2217 animi
686 2163 921 2218 nimiam
964 2161 1247 2217 laetitiam
1292 2161 1457 2231 dicit,
1506 2162 1742 2217 eandem
1787 2179 1958 2230 quam
1999 2162 2101 2217 ille
2138 2163 2277 2217 Cae-

253 2235 521 2302 cilianus,
571 2233 670 2303 qui
715 2234 1026 2289 omnibus
1082 2233 1388 2288 laetitiis
1444 2233 1701 2287 laetum
1754 2249 1874 2287 esse
1925 2249 1984 2287 se
2032 2234 2272 2289 narrat.’

248 2306 410 2377 Idem
456 2306 533 2359 ad
586 2305 718 2359 fam.
757 2305 810 2359 H
846 2311 877 2359 9
919 2306 1170 2374 ‘repente
1216 2320 1349 2358 uero
1404 2303 1659 2358 incessi
1705 2303 2016 2358 omnibus
2061 2303 2280 2359 laeti-

251 2377 378 2431 tiis
420 2377 703 2431 laetus’.

253 2609 272 2622 .
320 2607 337 2622 .
385 2608 397 2622 .
446 2608 459 2621 .
509 2607 522 2620 .
572 2556 884 2641 quantum
930 2558 1260 2619 amantum
1308 2554 1379 2617 in
1421 2550 1663 2619 'Attica
1709 2559 1805 2619 est

400 2675 688 2732 Charisius
724 2694 777 2745 p.
809 2682 876 2730 98
904 2677 965 2731 Ρ.
1008 2676 1381 2729 ‘amantum
1422 2673 1716 2745 CaeciliuS,
1753 2678 1818 2730 ut
1856 2675 2029 2730 etiam
2064 2674 2283 2730 Plinius

250 2751 444 2805 notat:
483 2748 779 2817 quantum’
821 2764 868 2802 e.
907 2765 959 2816 q.
1001 2765 1044 2802 S.

398 2855 461 2909 in
498 2853 692 2908 Attica
728 2855 924 2923 scripsi
957 2852 1014 2906 in
1054 2852 1245 2907 natica
1281 2854 1396 2909 cod.
1435 2851 1496 2905 in
1530 2851 1732 2907 riatica
1767 2854 1848 2908 ed.
1880 2871 1972 2923 pr.

1216 3003 1333 3061 XII

1289 3125 1524 3169 nomen
1570 3103 1845 3190 uirginis
1858 3156 1876 3190 ,

254 3214 402 3281 Nisi
449 3211 688 3277 mirum
728 3214 850 3295 est,
898 3209 1344 3296 deintegrauit.
2286 3228 2393 3278 255

398 3333 619 3389 Nonius
658 3337 778 3401 101,
817 3336 885 3385 25
925 3330 1425 3401 ‘deintegrare,
1475 3331 1796 3386 deminuere
1836 3376 1849 3389 .
1880 3375 1893 3387 .
1925 3375 1937 3388 .
1977 3331 2285 3387 Caecilius:

252 3407 483 3463 nomen’
527 3421 572 3458 e.
611 3422 664 3472 q.
705 3421 746 3458 s.
1634 3419 1644 3428 ·
1679 3420 1688 3429 ·
1723 3419 1733 3429 ‘

402 3519 432 3566 1
464 3528 540 3582 sq.
568 3512 739 3566 unius
764 3510 1060 3580 septenarii
1084 3510 1324 3576 frustum
1350 3525 1457 3584 esse
1483 3512 1601 3566 vult
1628 3511 1753 3565 Bwe
1872 3515 1902 3562 2
1939 3508 2051 3562 nisi
2078 3508 2286 3563 mirum
2355 3532 2367 3565 ι
