2610 4007
860 136 1232 193 CAECILIVS
1271 137 1572 193 STATIVS
2138 142 2221 206 41

1166 305 1264 365 ΠΙ

198 402 395 469 Οτὲῑη
440 406 721 491 reperire
768 407 1043 494 nullam,
1089 429 1217 492 qua
1262 407 1624 494 expediam,
1671 431 1853 493 queo.

336 537 541 590 Festus
576 555 632 606 p.
663 543 765 592 182
795 538 871 591 M.
916 539 1104 592 ‘orae
1143 540 1430 592 extremae
1459 542 1651 608 partes
1688 541 1988 608 terrarum,
2035 539 2095 593 id
2142 544 2228 595 est

194 606 519 661 maritimae
566 607 854 676 dicuntur,
902 609 1051 663 unde
1099 612 1157 664 et
1200 609 1666 664 uestimentorum
1707 613 1988 665 extremae
2023 614 2228 681 partes,

199 695 343 747 quae
397 678 628 747 quidem
672 682 730 734 et
770 679 988 749 primae
1027 679 1139 734 dici
1175 674 1427 762 possunt.
1504 680 1781 736 Caecilius
1818 682 1878 735 in
1915 681 2229 738 ethi-ione

198 767 333 805 usus
370 752 464 804 est
496 767 598 820 pro
634 750 801 805 initio
838 750 947 819 rei,
987 768 1114 805 cum
1150 754 1257 808 alt:
1298 753 1475 806 oram’
1516 768 1562 807 e.
1594 772 1646 822 q.
1676 771 1719 809 s,

342 881 461 933 qua
489 865 806 938 Spenyelius
842 884 1014 935 quam
1038 869 1173 936 cod„
1210 873 1394 924 tuetwr
1420 868 1813 924 Lachmannus
1845 872 1909 925 in
1935 870 2104 926 Lucr.
2128 874 2231 923 223

1173 1035 1262 1094 IV
1368 1061 1373 1064 ·

204 1139 371 1207 Cum
398 1141 720 1208 Mercurio
761 1144 937 1228 capit
972 1126 1340 1232 consilium,
1374 1147 1719 1231 postquam
1754 1148 2035 1213 sentinat
2061 1149 2234 1214 satis·

344 1272 548 1326 Festus
572 1291 626 1343 p.
649 1278 754 1327 339
773 1274 849 1327 M.
888 1274 1298 1344 ‘sentium-e,
1338 1279 1428 1331 sat
1465 1293 1648 1347 agere,
1687 1277 1901 1332 dictum
1929 1295 1964 1332 a
1992 1278 2231 1348 sentina,
2271 1326 2274 1329 ,

198 1360 376 1412 quam
411 1344 627 1398 multae
665 1361 848 1413 aquae
880 1346 1045 1400 nauis
1082 1364 1210 1402 cum
1243 1346 1472 1417 recipit,
1513 1348 1881 1419 periclitatur.
1956 1349 2231 1404 Caecilius

197 1414 259 1469 in
315 1414 668 1471 ethrione:
728 1417 876 1470 eum'
925 1433 970 1471 e.
1012 1435 1064 1486 q.
1104 1435 1146 1474 s,
1220 1418 1430 1472 Paulus
1474 1437 1527 1490 p.
1561 1426 1663 1474 338
1692 1421 1767 1475 M.
1818 1420 2228 1491 ‘sentinare,

199 1489 293 1541 sat
332 1502 528 1556 agere,
565 1486 781 1542 dictum
817 1505 852 1542 a
887 1488 1110 1543 sentina
1143 1488 1336 1558 nauis,
1374 1507 1545 1558 quam
1580 1490 1707 1559 quis
1742 1493 1809 1545 ut
1846 1507 1995 1559 aqua
2028 1490 2233 1546 liberet

202 1574 484 1612 euacuare
529 1559 835 1614 contendit.
908 1559 1103 1628 itaque
1151 1560 1434 1615 sentinare
1477 1564 1564 1615 est
1605 1561 1890 1616 subtiliter
1922 1561 2233 1630 periculum

202 1628 407 1684 uitare.
485 1628 786 1686 Caecilius:
826 1630 1000 1701 capit’
1043 1647 1089 1686 e.
1120 1649 1172 1700 q.
1204 1650 1246 1687 s.

347 1744 449 1799 An
475 1752 603 1814 post
639 1745 937 1800 consilium
972 1748 1200 1818 yraviws
1234 1748 1758 1819 interpwnyendmn,
1802 1750 2017 1820 reliqua
2056 1751 2235 1807 oratio

200 1822 265 1872 ut
298 1833 418 1871 non
454 1818 705 1873 absoluta
741 1816 857 1873 sit?

1194 1915 1251 1972 V

201 2078 217 2092 .
256 2028 581 2112 actutum,
626 2025 852 2111 uolti8‚
900 2030 1115 2111 empta
1160 2030 1283 2092 est:
1328 2027 1556 2116 noltiS,
1599 2006 1729 2093 non
1776 2032 1991 2114 empta
2036 2031 2134 2095 est
2169 2081 2185 2094 .
2216 2081 2233 2096 .

346 2164 649 2219 Diomedes
686 2183 740 2247 p.
772 2169 874 2220 381
904 2164 964 2219 P.
1007 2165 1181 2247 ‘apud
1217 2168 1435 2247 veteres
1472 2166 1776 2235 reperimus
1804 2166 1866 2220 id
1894 2168 2046 2249 quod
2072 2167 2232 2248 nolu·

204 2254 357 2304 mus,
405 2253 523 2290 non
566 2235 742 2289 uultis
777 2252 814 2292 *
850 2239 917 2290 ut
952 2238 1040 2290 est
1082 2254 1153 2290 111
1188 2237 1568 2292 Aethrione
1610 2238 1789 2307 apud
1826 2237 2231 2295 Caec111um:

206 2309 469 2362 actutum
503 2306 701 2361 uultis’
743 2323 789 2362 e.
819 2325 872 2376 q.
903 2324 945 2362 s,
1020 2306 1122 2377 (sic
1159 2307 1342 2362 edidit
1375 2308 1442 2362 Η.
1472 2308 1704 2364 Keilius.
1768 2308 1838 2362 in
1876 2308 2233 2364 etherione

205 2378 390 2502 aplud
429 2377 1107 2504 luciliumf’angsgl}
1126 2379 1345 2460 Monac.
1418 2378 1489 2503 ig
1535 2379 1879 2504 ethes-iore
1918 2381 2094 2505 αὲᾶιιᾱ
2130 2380 2236 2507 Ipt—

205 2465 816 2590 Zfflntaffiiffl
845 2466 1171 2575 sssfflffi'
1208 2467 1362 2576 ῗΒέα
1402 2467 1529 2575 ἕως
1566 2468 1877 2577 ffiffi
1906 2468 2038 2594 ξω·
2097 2469 2165 2507 “³
2221 2496 2232 2507 ’

347 2644 618 2715 Βαφρῖενε
653 2646 834 2714 possis
887 2647 993 2715 age
1046 2645 1163 2699 iam
1212 2648 1298 2702 vel
1352 2645 1505 2717 agite
1617 2648 1869 2701 actutum
1913 2648 2116 2702 recenti
2164 2664 2232 2702 m.

206 2719 508 2786 ascriptum,
541 2718 606 2772 in
633 2716 859 2772 Monac.
898 2716 1147 2773 acti*um
1172 2717 1356 2773 Paris.
1376 2719 1433 2772 A
1475 2717 1725 2772 actiuum
1760 2718 1942 2773 Paris.
1963 2718 2020 2772 B
2049 2717 2229 2787 Mon„

206 2805 306 2844 om.
344 2788 468 2843 edd.
504 2794 629 2843 vett.
737 2790 928 2856 empta
961 2787 1148 2843 Noltis
1188 2789 1302 2844 ‘ma
1332 2790 1469 2845 cod?
1514 2789 1569 2845 Ο.
1600 2789 1848 2859 Scioppii
1952 2804 2067 2842 non
2104 2804 2228 2843 emo

207 2861 290 2915 vel
333 2875 452 2913 non
498 2857 631 2927 erit,
675 2866 741 2914 ut
783 2861 1035 2914 serm-ius
1073 2860 1196 2928 fiat,
1233 2860 1360 2915 Bue
1504 2860 1884 2930 &ptenarium
1916 2860 2001 2915 vel
2035 2858 2235 2914 eadem

211 2929 317 2985 erit
351 2932 441 2987 vel
477 2932 565 2984 est
599 2929 743 2984 item
777 2931 1092 2986 concludere
1119 2932 1305 2999 potuit

1062 3115 1396 3175 ANDREA

348 3231 617 3286 Andria
679 3230 890 3286 Caecili
941 3250 1078 3286 num
1125 3234 1280 3287 'recte
1343 3232 1557 3286 feratur
1611 3230 1838 3286 dubitat
1893 3230 2235 3288 Ritschelius

209 3304 434 3373 Parerg.
464 3304 492 3357 I
523 3308 651 3371 133,
700 3304 852 3371 quod
898 3320 1024 3357 cum
1069 3320 1137 3357 ex
1175 3303 1405 3358 Graecis
1439 3303 1772 3358 Menandria
1808 3302 1930 3357 sola
1964 3306 2103 3358 nota
2140 3305 2230 3374 sit,

211 3375 257 3429 si
294 3374 579 3444 eandem,
603 3390 775 3442 quam
810 3374 1085 3430 Caecilius
1124 3374 1259 3430 olim
1294 3374 1553 3445 dederat,
1590 3377 1841 3444 repetere
1881 3391 2048 3430 ausus
2085 3379 2234 3431 esset

210 3445 535 3514 Terentius,
588 3443 684 3499 vix
731 3444 783 3499 ei
827 3445 888 3500 in
933 3446 1166 3516 prologo
1214 3446 1285 3500 de
1332 3462 1400 3500 ea
1444 3463 1505 3500 re
1551 3449 1738 3501 tacere
1783 3444 2051 3502 licuisset.
2127 3448 2237 3503 Sed

209 3518 485 3572 Andrea
521 3518 714 3585 potest
749 3517 839 3571 vel
871 3514 1125 3587 Ἀνδρέας
1160 3516 1251 3572 vel
1287 3523 1435 3588 <cum
1462 3517 1829 3588 Dziatzkone)
1861 3515 2109 3590 Ἀνδρεία
2146 3519 2235 3573 in-
2275 3591 2278 3594 Ι
