2610 4007
850 163 1128 219 DECIMV
1130 164 1166 218 S
1206 164 1563 218 LABERIVS
2081 164 2208 227 361

193 341 346 378 nunc
393 344 435 377 ω
584 324 679 378 An
724 323 902 391 quor?
1074 329 1142 377 24
1187 322 1462 377 iocundae
1508 344 1550 376 ω
1723 328 1790 376 25
1833 322 2034 376 hedera
2079 324 2211 378 Par.

304 401 370 449 26
412 397 610 449 enecat
646 396 779 450 Par.
816 397 984 448 necat
1010 415 1063 464 ⁸<p
1208 401 1274 448 27
1317 393 1623 463 sepulchris
1662 395 1756 449 Ba

1175 563 1237 621 H

192 664 425 749 Porro,
471 662 778 740 Quirites!
843 662 1211 727 h'bertatem
1256 641 1598 747 perdimus
2215 682 2316 729 125

1163 847 1256 905 ΠΙ

195 947 470 1013 Necesse
517 952 613 1012 est
657 948 899 1013 multos
944 948 1173 1013 timeat
1219 970 1409 1031 quem
1453 946 1650 1012 multi
1690 947 1937 1012 timent.

340 1069 553 1124 Seneca
591 1069 659 1122 de
696 1068 782 1123 ira
818 1070 871 1123 Π
910 1076 993 1138 11,
1032 1076 1063 1123 3
1104 1070 1384 1123 ‘occurrat
1418 1069 1525 1123 hoc
1561 1069 1685 1123 loco
1723 1068 1832 1123 tibi
1867 1067 2211 1122 Laberianus

195 1141 294 1195 ille
340 1157 561 1209 uersus,
616 1140 713 1209 qui
759 1140 979 1195 medio
1031 1140 1231 1194 ciuili
1285 1139 1476 1194 bello
1531 1139 1600 1192 in
1654 1140 1927 1194 theatro
1984 1139 2211 1193 dictus

196 1214 381 1266 totum
434 1211 494 1264 in
549 1227 608 1265 se
661 1211 932 1292 populum
984 1229 1098 1265 non
1151 1211 1316 1266 aliter
1366 1211 1667 1280 conuertit,
1724 1228 1893 1279 quam
1942 1210 1990 1264 si
2040 1210 2212 1264 missa

196 1285 345 1337 esset
381 1300 493 1336 uox
527 1282 741 1352 pubhci
779 1282 1058 1337 adfectus:
1096 1283 1399 1337 necesse’
1432 1299 1477 1337 e.
1500 1301 1552 1351 q.
1575 1300 1615 1337 s.
1682 1282 1762 1336 Cf.
1795 1281 1920 1351 Syri
1947 1284 2085 1336 sent.
2108 1287 2210 1335 338

195 1356 253 1408 et
296 1353 423 1408 fals.
462 1359 565 1408 217
611 1372 665 1422 p.
698 1359 799 1406 127
836 1354 925 1407 W.
984 1354 1406 1408 Pseudoseneca
1453 1354 1522 1407 de
1566 1352 1813 1406 moribus
1862 1359 1927 1407 61
1986 1354 2043 1406 et
2089 1353 2208 1406 cod.

196 1424 448 1479 Cusanus
484 1442 536 1493 p.
571 1430 672 1478 113
719 1424 837 1492 ‘qui
884 1441 919 1478 a
963 1424 1157 1478 multis
1202 1424 1458 1493 timetur,
1504 1425 1711 1478 multos
1757 1423 1958 1478 timet.’
2034 1424 2210 1477 Auso-

193 1496 320 1549 nius
359 1498 574 1563 septem
612 1512 728 1564 sap.
763 1497 902 1550 sent.
938 1501 988 1564 4,
1023 1501 1054 1549 5
1091 1514 1145 1565 p.
1170 1501 1271 1550 150
1298 1496 1389 1551 W.
1431 1494 1645 1549 ‘multis
1682 1494 1950 1549 terribilis
1987 1493 2206 1548 timeto’

193 1567 289 1636 (al.
322 1567 590 1635 ‘caueto’)
630 1566 898 1620 ‘multos'
974 1565 1143 1620 Solon
1191 1567 1342 1636 apud
1388 1567 1594 1621 Anton.
1633 1566 1840 1621 Meliss.
1881 1581 2039 1619 serm.
2082 1566 2211 1632 περὶ

194 1636 459 1727 Εασιλέως
497 1636 693 1704 (Orelli
722 1654 906 1707 opusc.
935 1638 1126 1692 Graec.
1157 1641 1295 1692 sent.
1325 1638 1352 1691 I
1383 1644 1502 1704 162,
1526 1640 1614 1706 19)
1651 1636 1680 1691 ὁ
1713 1641 1935 1699 πολλοῖς
1972 1636 2210 1759 φοβερὸς

195 1730 275 1763 ων
310 1709 545 1771 πολλοὺς
581 1706 868 1781 φοβείσθω
909 1712 967 1763 et
1003 1708 1120 1763 alii.
1178 1708 1257 1763 Of.
1286 1708 1607 1762 Macrobius
1645 1708 1908 1761 laudatus
1938 1707 2011 1762 ad
2069 1725 2111 1762 r.
2140 1707 2206 1760 H.

1157 1894 1241 1952 IV

190 1994 343 2062 Non
388 1995 659 2079 possunt
702 1995 897 2080 primi
943 2017 1077 2061 esse
1125 1997 1357 2084 omnes*
1392 1996 1568 2061 omni
1614 1995 1682 2060 in
1728 1996 2031 2079 tempore.

193 2102 533 2167 Summum
578 2102 658 2166 ad
707 2102 978 2188 gradum
1024 2124 1170 2167 cum
1217 2102 1528 2167 claritatis
1572 2103 1848 2188 ueneriS,

194 2208 520 2274 Consistes
566 2230 779 2294 aegre,
822 2206 1004 2272 m‘ctu
1050 2208 1238 2272 citius
1287 2208 1553 2272 decidas,

195 2314 409 2380 Cecidi
457 2316 604 2401 ego,
650 2314 834 2378 cadet
879 2314 991 2398 qui
1036 2315 1354 2397 sequitur:
1399 2315 1539 2377 laus
1585 2316 1682 2378 est
1724 2313 1999 2397 publica.
2212 2328 2312 2375 130

333 2436 654 2490 Macrobius
689 2435 804 2490 Sat.
833 2435 885 2488 H
924 2440 970 2502 7,
1005 2440 1033 2488 7
1073 2434 1372 2506 (Publilius
1410 2435 1599 2504 Syrus)
1640 2436 1789 2488 ‘cum
1824 2433 2023 2487 mimos
2060 2451 2207 2488 com-

190 2510 427 2577 poneret
466 2506 794 2577 ingentique
832 2507 1074 2560 adsensu
1119 2505 1179 2559 in
1213 2505 1415 2561 Italiae
1453 2505 1674 2575 oppidis
1713 2522 1878 2587 agere
1916 2504 2205 2575 coepisset,

190 2578 498 2648 productus
534 2579 745 2632 Romae
791 2594 891 2646 per
928 2576 1181 2631 Caesaris
1217 2577 1407 2647 ludos,
1455 2593 1644 2631 omnes
1682 2594 1780 2646 qm
1825 2579 1959 2630 tunc
1998 2576 2207 2645 scripta

191 2652 250 2703 et
297 2665 494 2718 operas
534 2666 662 2702 suas
708 2647 768 2701 in
811 2664 1072 2702 scaenam
1108 2647 1437 2702 locauerant
1480 2647 1838 2717 prouocauit,
1885 2650 1950 2701 ut
1995 2647 2206 2717 singuli

192 2737 383 2775 secum
417 2719 605 2789 posita
640 2719 885 2773 inuicem
920 2719 1159 2773 materia
1194 2737 1295 2788 pro
1332 2722 1581 2789 tempore
1619 2719 2034 2774 contenderent.
2089 2718 2207 2772 Nec

189 2791 309 2845 ullo
356 2794 648 2845 recusante
696 2789 985 2859 superauit
1029 2807 1244 2855 omnes,
1290 2790 1351 2844 in
1388 2790 1512 2859 quis
1556 2793 1613 2844 et
1657 2790 1970 2845 Laberium.
2042 2789 2205 2843 Vnde

191 2862 398 2917 Caesar
445 2862 707 2915 adridens
752 2861 857 2915 hoc
901 2861 1069 2915 modo
1118 2861 1533 2931 pronuntiauit:
1588 2861 1867 2916 fauente
1920 2860 2054 2914 tibi
2108 2877 2205 2915 me

191 2936 421 2986 uictus
470 2949 564 3001 es,
610 2932 882 3001 Laberi,
931 2935 966 2986 a
1009 2933 1198 3001 Syro:
1246 2931 1549 3002 statimque
1584 2931 1829 2986 Publilio
1864 2931 2112 3000 palmam
2149 2934 2206 2986 et

190 3003 430 3057 Laberio
471 3004 700 3057 anulum
737 3019 967 3057 aureum
1003 3020 1130 3056 cum
1157 3003 1480 3074 quingentis
1510 3002 1781 3057 sestertiis
1821 3002 1992 3056 dedit.
2049 3002 2205 3055 Tunc

190 3074 472 3129 Publilius
502 3075 575 3129 ad
608 3074 908 3129 Laberium
933 3074 1288 3129 recedentem
1325 3074 1431 3130 ait:
1469 3077 1737 3143 quicum
1775 3072 2204 3127 contendisti

193 3145 518 3214 scriptor,
565 3146 740 3199 hunc
787 3147 1137 3215 spectator
1184 3145 1488 3200 subleua.
1564 3146 1672 3199 Sed
1719 3147 1777 3199 et
1815 3143 2084 3198 Laberius
2122 3161 2205 3197 se-

192 3216 390 3285 quenti
437 3216 630 3270 statim
676 3216 1062 3271 commissione
1110 3216 1279 3271 mimo
1326 3234 1473 3271 nouo
1519 3215 1802 3271 interiecit
1844 3215 1946 3269 hos
1986 3232 2202 3269 uersus:

189 3288 775 3413 {osslposstffiit’te
800 3305 856 3427 ξι.
889 3306 930 3342 s.
980 3287 1350 3358 (Publilius
1392 3304 1595 3341 nomen
1634 3287 1861 3341 exhibet
1895 3286 2069 3340 Paris.
2107 3284 2206 3338 ubi

246 3378 283 3413 u
375 3376 479 3411 ius
516 3377 547 3413 v
613 3377 687 3428 ga
714 3377 795 3413 ur.

337 3471 369 3518 3
417 3464 785 3518 consistentes
823 3465 1004 3520 Palat.
1167 3480 1350 3534 agere,
1386 3481 1505 3533 sup.
1555 3480 1699 3534 egre,
1742 3465 1885 3519 Gud.
2046 3461 2203 3514 nictu

190 3538 392 3606 scripsi
434 3552 538 3590 nec
575 3536 726 3591 Med.
764 3539 846 3591 ab
890 3551 993 3601 nec
1034 3535 1197 3606 Anyl.
1236 3536 1386 3590 Med.
1425 3553 1454 3590 c
1500 3538 1557 3589 et
1602 3556 1644 3605 φ
1824 3533 1989 3587 citius
2035 3550 2204 3601 quam
